<!DOCTYPE html><html lang="sv"><head><script async="" src="https://www.googletagmanager.com/gtm.js?id=GTM-W2V9TZ&amp;gtm_auth=&amp;gtm_preview=&amp;gtm_cookies_win=x"></script><script>
      (function(w,d,s,l,i){w[l]=w[l]||[];
        w[l].push({'gtm.start': new Date().getTime(),event:'gtm.js', });
        var f=d.getElementsByTagName(s)[0],j=d.createElement(s),dl=l!='dataLayer'?'&l='+l:'';
        j.async=true;j.src='https://www.googletagmanager.com/gtm.js?id='+i+dl+'&gtm_auth=&gtm_preview=&gtm_cookies_win=x';
        f.parentNode.insertBefore(j,f);
      })(window,document,'script','dataLayer','GTM-W2V9TZ');</script><meta charset="utf-8"><meta name="viewport" content="width=device-width, initial-scale=1, maximum-scale=1, minimum-scale=1, viewport-fit=cover"><link rel="canonical" href="https://www.willys.se"><title>Glass, godis &amp; snacks | Willys</title><meta name="description" content="Handla Glass, godis &amp; snacks billigt online. Vi har 935 produkter i vårt sortiment. Vår affärsidé: Sveriges billigaste matkasse."><meta charset="utf-8"><script type="application/ld+json">{"@context":"https://schema.org/","@type":"BreadcrumbList","name":"Product Breadcrumbs","itemListElement":[{"@type":"ListItem","position":1,"name":"Hem","item":"https://www.willys.se"},{"@type":"ListItem","position":2,"name":"Glass, godis & snacks","item":"https://www.willys.se/sortiment/undefined"}]}</script><meta name="next-head-count" content="6"><link rel="icon" type="image/svg+xml" href="/staticresources/favicon.svg"><link rel="shortcut icon" type="image/x-icon" href="/staticresources/favicon.ico"><link rel="mask-icon" href="/staticresources/favicon.svg" color="#000000"><script>window.NREUM||(NREUM={});NREUM.info = {"agent":"","beacon":"bam.nr-data.net","errorBeacon":"bam.nr-data.net","licenseKey":"332ddf61ff","applicationID":"700646813","agentToken":null,"applicationTime":899.484114,"transactionName":"YVIDZERVVhIEURZbVlgYNlVUckoACFcVXUtdYhNZGXpdGRFYER1+c2NOH0VbShUMXwdcTRlsTx4YV1kVAFUNQFBTRDw=","queueTime":0,"ttGuid":"5c9e4176fea50bb4"}; (window.NREUM||(NREUM={})).init={privacy:{cookies_enabled:true},ajax:{deny_list:["bam-cell.nr-data.net"]},distributed_tracing:{enabled:true}};(window.NREUM||(NREUM={})).loader_config={agentID:"741444094",accountID:"1154196",trustKey:"1154196",xpid:"VQcCVVdaDhAHVFFUAwcPV1c=",licenseKey:"332ddf61ff",applicationID:"700646813"};;(()=>{var e,t,r={9071:(e,t,r)=>{"use strict";r.d(t,{I:()=>n});var n=0,i=navigator.userAgent.match(/Firefox[\/\s](\d+\.\d+)/);i&&(n=+i[1])},8768:(e,t,r)=>{"use strict";r.d(t,{T:()=>n,p:()=>i});const n=/(iPad|iPhone|iPod)/g.test(navigator.userAgent),i=n&&Boolean("undefined"==typeof SharedWorker)},2919:(e,t,r)=>{"use strict";r.d(t,{P_:()=>g,Mt:()=>v,C5:()=>c,DL:()=>y,OP:()=>R,lF:()=>P,Yu:()=>E,Dg:()=>p,CX:()=>u,GE:()=>w,sU:()=>C});var n={};r.r(n),r.d(n,{agent:()=>A,match:()=>N,version:()=>x});var i=r(6797),o=r(4286);const a={beacon:i.ce.beacon,errorBeacon:i.ce.errorBeacon,licenseKey:void 0,applicationID:void 0,sa:void 0,queueTime:void 0,applicationTime:void 0,ttGuid:void 0,user:void 0,account:void 0,product:void 0,extra:void 0,jsAttributes:{},userAttributes:void 0,atts:void 0,transactionName:void 0,tNamePlain:void 0},s={};function c(e){if(!e)throw new Error("All info objects require an agent identifier!");if(!s[e])throw new Error("Info for ".concat(e," was never set"));return s[e]}function u(e,t){if(!e)throw new Error("All info objects require an agent identifier!");s[e]=new o.I(t,a),(0,i.Qy)(e,s[e],"info")}var d=r(2797),f=r(2374);const l={allow_bfcache:!0,privacy:{cookies_enabled:!0},ajax:{deny_list:void 0,enabled:!0,harvestTimeSeconds:10},distributed_tracing:{enabled:void 0,exclude_newrelic_header:void 0,cors_use_newrelic_header:void 0,cors_use_tracecontext_headers:void 0,allowed_origins:void 0},session:{domain:void 0,expiresMs:d.oD,inactiveMs:d.Hb},ssl:void 0,obfuscate:void 0,jserrors:{enabled:!0,harvestTimeSeconds:10},metrics:{enabled:!0},page_action:{enabled:!0,harvestTimeSeconds:30},page_view_event:{enabled:!0},page_view_timing:{enabled:!0,harvestTimeSeconds:30,long_task:!1},session_trace:{enabled:!0,harvestTimeSeconds:10},spa:{enabled:!0,harvestTimeSeconds:10}},h={};function g(e){if(!e)throw new Error("All configuration objects require an agent identifier!");if(!h[e])throw new Error("Configuration for ".concat(e," was never set"));return h[e]}function p(e,t){if(!e)throw new Error("All configuration objects require an agent identifier!");h[e]=new o.I(t,l),(0,i.Qy)(e,h[e],"config")}function v(e,t){if(!e)throw new Error("All configuration objects require an agent identifier!");var r=g(e);if(r){for(var n=t.split("."),i=0;i<n.length-1;i++)if("object"!=typeof(r=r[n[i]]))return;r=r[n[n.length-1]]}return r}const m={accountID:void 0,trustKey:void 0,agentID:void 0,licenseKey:void 0,applicationID:void 0,xpid:void 0},b={};function y(e){if(!e)throw new Error("All loader-config objects require an agent identifier!");if(!b[e])throw new Error("LoaderConfig for ".concat(e," was never set"));return b[e]}function w(e,t){if(!e)throw new Error("All loader-config objects require an agent identifier!");b[e]=new o.I(t,m),(0,i.Qy)(e,b[e],"loader_config")}const E=(0,i.mF)().o;var A=null,x=null;const T=/Version\/(\S+)\s+Safari/;if(navigator.userAgent){var _=navigator.userAgent,D=_.match(T);D&&-1===_.indexOf("Chrome")&&-1===_.indexOf("Chromium")&&(A="Safari",x=D[1])}function N(e,t){if(!A)return!1;if(e!==A)return!1;if(!t)return!0;if(!x)return!1;for(var r=x.split("."),n=t.split("."),i=0;i<n.length;i++)if(n[i]!==r[i])return!1;return!0}var S=r(1651);const O={buildEnv:S.Re,bytesSent:{},queryBytesSent:{},customTransaction:void 0,disabled:!1,distMethod:S.gF,isolatedBacklog:!1,loaderType:void 0,maxBytes:3e4,offset:Math.floor(f._A?.performance?.timeOrigin||f._A?.performance?.timing?.navigationStart||Date.now()),onerror:void 0,origin:""+f._A.location,ptid:void 0,releaseIds:{},session:void 0,xhrWrappable:"function"==typeof f._A.XMLHttpRequest?.prototype?.addEventListener,userAgent:n,version:S.q4},j={};function R(e){if(!e)throw new Error("All runtime objects require an agent identifier!");if(!j[e])throw new Error("Runtime for ".concat(e," was never set"));return j[e]}function C(e,t){if(!e)throw new Error("All runtime objects require an agent identifier!");j[e]=new o.I(t,O),(0,i.Qy)(e,j[e],"runtime")}function P(e){return function(e){try{const t=c(e);return!!t.licenseKey&&!!t.errorBeacon&&!!t.applicationID}catch(e){return!1}}(e)}},4286:(e,t,r)=>{"use strict";r.d(t,{I:()=>o});var n=r(909),i=r(8610);class o{constructor(e,t){Object.assign(this,function(e,t){const r={};try{return e&&"object"==typeof e?t&&"object"==typeof t?(Object.assign(r,t),Object.entries(e).forEach((e=>{let[o,a]=e;if(!Object.keys(t).includes(o))return;const s=(0,n.q)(o);s.length&&a&&"object"==typeof a&&s.forEach((e=>{e in a&&((0,i.Z)('"'.concat(e,'" is a protected attribute and can not be changed in feature ').concat(o,".  It will have no effect.")),delete a[e])})),r[o]=a})),r):(0,i.Z)("Setting a Configurable requires a model to set its initial properties"):(0,i.Z)("New setting a Configurable requires an object as input")}catch(e){(0,i.Z)("An error occured while setting a Configurable",e)}}(e,t))}}},1651:(e,t,r)=>{"use strict";r.d(t,{Re:()=>i,gF:()=>o,q4:()=>n});const n="1.232.0",i="PROD",o="CDN"},9557:(e,t,r)=>{"use strict";r.d(t,{w:()=>o});var n=r(8610);const i={agentIdentifier:"",ee:void 0};class o{constructor(e){try{if("object"!=typeof e)return(0,n.Z)("shared context requires an object as input");this.sharedContext={},Object.assign(this.sharedContext,i),Object.entries(e).forEach((e=>{let[t,r]=e;Object.keys(i).includes(t)&&(this.sharedContext[t]=r)}))}catch(e){(0,n.Z)("An error occured while setting SharedContext",e)}}}},4329:(e,t,r)=>{"use strict";r.d(t,{L:()=>d,R:()=>c});var n=r(3752),i=r(7022),o=r(4045),a=r(2325);const s={};function c(e,t){const r={staged:!1,priority:a.p[t]||0};u(e),s[e].get(t)||s[e].set(t,r)}function u(e){e&&(s[e]||(s[e]=new Map))}function d(){let e=arguments.length>0&&void 0!==arguments[0]?arguments[0]:"",t=arguments.length>1&&void 0!==arguments[1]?arguments[1]:"feature";if(u(e),!e||!s[e].get(t))return a(t);s[e].get(t).staged=!0;const r=Array.from(s[e]);function a(t){const r=e?n.ee.get(e):n.ee,a=o.X.handlers;if(r.backlog&&a){var s=r.backlog[t],c=a[t];if(c){for(var u=0;s&&u<s.length;++u)f(s[u],c);(0,i.D)(c,(function(e,t){(0,i.D)(t,(function(t,r){r[0].on(e,r[1])}))}))}delete a[t],r.backlog[t]=null,r.emit("drain-"+t,[])}}r.every((e=>{let[t,r]=e;return r.staged}))&&(r.sort(((e,t)=>e[1].priority-t[1].priority)),r.forEach((e=>{let[t]=e;a(t)})))}function f(e,t){var r=e[1];(0,i.D)(t[r],(function(t,r){var n=e[0];if(r[0]===n){var i=r[1],o=e[3],a=e[2];i.apply(o,a)}}))}},3752:(e,t,r)=>{"use strict";r.d(t,{c:()=>f,ee:()=>u});var n=r(6797),i=r(3916),o=r(7022),a=r(2919),s="nr@context";let c=(0,n.fP)();var u;function d(){}function f(e){return(0,i.X)(e,s,l)}function l(){return new d}function h(){u.aborted=!0,u.backlog={}}c.ee?u=c.ee:(u=function e(t,r){var n={},c={},f={},g=!1;try{g=16===r.length&&(0,a.OP)(r).isolatedBacklog}catch(e){}var p={on:b,addEventListener:b,removeEventListener:y,emit:m,get:E,listeners:w,context:v,buffer:A,abort:h,aborted:!1,isBuffering:x,debugId:r,backlog:g?{}:t&&"object"==typeof t.backlog?t.backlog:{}};return p;function v(e){return e&&e instanceof d?e:e?(0,i.X)(e,s,l):l()}function m(e,r,n,i,o){if(!1!==o&&(o=!0),!u.aborted||i){t&&o&&t.emit(e,r,n);for(var a=v(n),s=w(e),d=s.length,f=0;f<d;f++)s[f].apply(a,r);var l=T()[c[e]];return l&&l.push([p,e,r,a]),a}}function b(e,t){n[e]=w(e).concat(t)}function y(e,t){var r=n[e];if(r)for(var i=0;i<r.length;i++)r[i]===t&&r.splice(i,1)}function w(e){return n[e]||[]}function E(t){return f[t]=f[t]||e(p,t)}function A(e,t){var r=T();p.aborted||(0,o.D)(e,(function(e,n){t=t||"feature",c[n]=t,t in r||(r[t]=[])}))}function x(e){return!!T()[c[e]]}function T(){return p.backlog}}(void 0,"globalEE"),c.ee=u)},9252:(e,t,r)=>{"use strict";r.d(t,{E:()=>n,p:()=>i});var n=r(3752).ee.get("handle");function i(e,t,r,i,o){o?(o.buffer([e],i),o.emit(e,t,r)):(n.buffer([e],i),n.emit(e,t,r))}},4045:(e,t,r)=>{"use strict";r.d(t,{X:()=>o});var n=r(9252);o.on=a;var i=o.handlers={};function o(e,t,r,o){a(o||n.E,i,e,t,r)}function a(e,t,r,i,o){o||(o="feature"),e||(e=n.E);var a=t[o]=t[o]||{};(a[r]=a[r]||[]).push([e,i])}},8544:(e,t,r)=>{"use strict";r.d(t,{bP:()=>s,iz:()=>c,m$:()=>a});var n=r(2374);let i=!1,o=!1;try{const e={get passive(){return i=!0,!1},get signal(){return o=!0,!1}};n._A.addEventListener("test",null,e),n._A.removeEventListener("test",null,e)}catch(e){}function a(e,t){return i||o?{capture:!!e,passive:i,signal:t}:!!e}function s(e,t){let r=arguments.length>2&&void 0!==arguments[2]&&arguments[2],n=arguments.length>3?arguments[3]:void 0;window.addEventListener(e,t,a(r,n))}function c(e,t){let r=arguments.length>2&&void 0!==arguments[2]&&arguments[2],n=arguments.length>3?arguments[3]:void 0;document.addEventListener(e,t,a(r,n))}},5526:(e,t,r)=>{"use strict";r.d(t,{Ht:()=>u,M:()=>c,Rl:()=>a,ky:()=>s});var n=r(2374);const i="xxxxxxxx-xxxx-4xxx-yxxx-xxxxxxxxxxxx";function o(e,t){return e?15&e[t]:16*Math.random()|0}function a(){const e=n._A?.crypto||n._A?.msCrypto;let t,r=0;return e&&e.getRandomValues&&(t=e.getRandomValues(new Uint8Array(31))),i.split("").map((e=>"x"===e?o(t,++r).toString(16):"y"===e?(3&o()|8).toString(16):e)).join("")}function s(e){const t=n._A?.crypto||n._A?.msCrypto;let r,i=0;t&&t.getRandomValues&&(r=t.getRandomValues(new Uint8Array(31)));const a=[];for(var s=0;s<e;s++)a.push(o(r,++i).toString(16));return a.join("")}function c(){return s(16)}function u(){return s(32)}},2797:(e,t,r)=>{"use strict";r.d(t,{Bq:()=>n,Hb:()=>o,oD:()=>i});const n="NRBA",i=144e5,o=18e5},2053:(e,t,r)=>{"use strict";function n(){return Math.round(performance.now())}r.d(t,{z:()=>n})},6368:(e,t,r)=>{"use strict";r.d(t,{e:()=>o});var n=r(2374),i={};function o(e){if(e in i)return i[e];if(0===(e||"").indexOf("data:"))return{protocol:"data"};let t;var r=n._A?.location,o={};if(n.il)t=document.createElement("a"),t.href=e;else try{t=new URL(e,r.href)}catch(e){return o}o.port=t.port;var a=t.href.split("://");!o.port&&a[1]&&(o.port=a[1].split("/")[0].split("@").pop().split(":")[1]),o.port&&"0"!==o.port||(o.port="https"===a[0]?"443":"80"),o.hostname=t.hostname||r.hostname,o.pathname=t.pathname,o.protocol=a[0],"/"!==o.pathname.charAt(0)&&(o.pathname="/"+o.pathname);var s=!t.protocol||":"===t.protocol||t.protocol===r.protocol,c=t.hostname===r.hostname&&t.port===r.port;return o.sameOrigin=s&&(!t.hostname||c),"/"===o.pathname&&(i[e]=o),o}},8610:(e,t,r)=>{"use strict";function n(e,t){"function"==typeof console.warn&&(console.warn("New Relic: ".concat(e)),t&&console.warn(t))}r.d(t,{Z:()=>n})},3916:(e,t,r)=>{"use strict";r.d(t,{X:()=>i});var n=Object.prototype.hasOwnProperty;function i(e,t,r){if(n.call(e,t))return e[t];var i=r();if(Object.defineProperty&&Object.keys)try{return Object.defineProperty(e,t,{value:i,writable:!0,enumerable:!1}),i}catch(e){}return e[t]=i,i}},2374:(e,t,r)=>{"use strict";r.d(t,{_A:()=>o,il:()=>n,v6:()=>i});const n=Boolean("undefined"!=typeof window&&window.document),i=Boolean("undefined"!=typeof WorkerGlobalScope&&self.navigator instanceof WorkerNavigator);let o=(()=>{if(n)return window;if(i){if("undefined"!=typeof globalThis&&globalThis instanceof WorkerGlobalScope)return globalThis;if(self instanceof WorkerGlobalScope)return self}throw new Error('New Relic browser agent shutting down due to error: Unable to locate global scope. This is possibly due to code redefining browser global variables like "self" and "window".')})()},7022:(e,t,r)=>{"use strict";r.d(t,{D:()=>n});const n=(e,t)=>Object.entries(e||{}).map((e=>{let[r,n]=e;return t(r,n)}))},2438:(e,t,r)=>{"use strict";r.d(t,{P:()=>o});var n=r(3752);const i=()=>{const e=new WeakSet;return(t,r)=>{if("object"==typeof r&&null!==r){if(e.has(r))return;e.add(r)}return r}};function o(e){try{return JSON.stringify(e,i())}catch(e){try{n.ee.emit("internal-error",[e])}catch(e){}}}},2650:(e,t,r)=>{"use strict";r.d(t,{K:()=>a,b:()=>o});var n=r(8544);function i(){return"undefined"==typeof document||"complete"===document.readyState}function o(e,t){if(i())return e();(0,n.bP)("load",e,t)}function a(e){if(i())return e();(0,n.iz)("DOMContentLoaded",e)}},6797:(e,t,r)=>{"use strict";r.d(t,{EZ:()=>u,Qy:()=>c,ce:()=>o,fP:()=>a,gG:()=>d,mF:()=>s});var n=r(2053),i=r(2374);const o={beacon:"bam.nr-data.net",errorBeacon:"bam.nr-data.net"};function a(){return i._A.NREUM||(i._A.NREUM={}),void 0===i._A.newrelic&&(i._A.newrelic=i._A.NREUM),i._A.NREUM}function s(){let e=a();return e.o||(e.o={ST:i._A.setTimeout,SI:i._A.setImmediate,CT:i._A.clearTimeout,XHR:i._A.XMLHttpRequest,REQ:i._A.Request,EV:i._A.Event,PR:i._A.Promise,MO:i._A.MutationObserver,FETCH:i._A.fetch}),e}function c(e,t,r){let i=a();const o=i.initializedAgents||{},s=o[e]||{};return Object.keys(s).length||(s.initializedAt={ms:(0,n.z)(),date:new Date}),i.initializedAgents={...o,[e]:{...s,[r]:t}},i}function u(e,t){a()[e]=t}function d(){return function(){let e=a();const t=e.info||{};e.info={beacon:o.beacon,errorBeacon:o.errorBeacon,...t}}(),function(){let e=a();const t=e.init||{};e.init={...t}}(),s(),function(){let e=a();const t=e.loader_config||{};e.loader_config={...t}}(),a()}},6998:(e,t,r)=>{"use strict";r.d(t,{N:()=>i});var n=r(8544);function i(e){let t=arguments.length>1&&void 0!==arguments[1]&&arguments[1],r=arguments.length>2?arguments[2]:void 0,i=arguments.length>3?arguments[3]:void 0;return void(0,n.iz)("visibilitychange",(function(){if(t)return void("hidden"==document.visibilityState&&e());e(document.visibilityState)}),r,i)}},6408:(e,t,r)=>{"use strict";r.d(t,{W:()=>i});var n=r(2374);function i(){return"function"==typeof n._A?.PerformanceObserver}},7264:(e,t,r)=>{"use strict";r.d(t,{em:()=>y,u5:()=>O,QU:()=>C,_L:()=>H,Gm:()=>B,Lg:()=>F,gy:()=>G,BV:()=>K,Kf:()=>re});var n=r(3752),i=r(8683),o=r.n(i);const a="nr@original";var s=Object.prototype.hasOwnProperty,c=!1;function u(e,t){return e||(e=n.ee),r.inPlace=function(e,t,n,i,o){n||(n="");var a,s,c,u="-"===n.charAt(0);for(c=0;c<t.length;c++)l(a=e[s=t[c]])||(e[s]=r(a,u?s+n:n,i,s,o))},r.flag=a,r;function r(t,r,n,s,c){return l(t)?t:(r||(r=""),nrWrapper[a]=t,f(t,nrWrapper,e),nrWrapper);function nrWrapper(){var a,u,f,l;try{u=this,a=o()(arguments),f="function"==typeof n?n(a,u):n||{}}catch(t){d([t,"",[a,u,s],f],e)}i(r+"start",[a,u,s],f,c);try{return l=t.apply(u,a)}catch(e){throw i(r+"err",[a,u,e],f,c),e}finally{i(r+"end",[a,u,l],f,c)}}}function i(r,n,i,o){if(!c||t){var a=c;c=!0;try{e.emit(r,n,i,t,o)}catch(t){d([t,r,n,i],e)}c=a}}}function d(e,t){t||(t=n.ee);try{t.emit("internal-error",e)}catch(e){}}function f(e,t,r){if(Object.defineProperty&&Object.keys)try{return Object.keys(e).forEach((function(r){Object.defineProperty(t,r,{get:function(){return e[r]},set:function(t){return e[r]=t,t}})})),t}catch(e){d([e],r)}for(var n in e)s.call(e,n)&&(t[n]=e[n]);return t}function l(e){return!(e&&e instanceof Function&&e.apply&&!e[a])}var h=r(3916),g=r(2374);const p={},v=XMLHttpRequest,m="addEventListener",b="removeEventListener";function y(e){var t=function(e){return(e||n.ee).get("events")}(e);if(p[t.debugId]++)return t;p[t.debugId]=1;var r=u(t,!0);function i(e){r.inPlace(e,[m,b],"-",o)}function o(e,t){return e[1]}return"getPrototypeOf"in Object&&(g.il&&w(document,i),w(g._A,i),w(v.prototype,i)),t.on(m+"-start",(function(e,t){var n=e[1];if(null!==n&&("function"==typeof n||"object"==typeof n)){var i=(0,h.X)(n,"nr@wrapped",(function(){var e={object:function(){if("function"!=typeof n.handleEvent)return;return n.handleEvent.apply(n,arguments)},function:n}[typeof n];return e?r(e,"fn-",null,e.name||"anonymous"):n}));this.wrapped=e[1]=i}})),t.on(b+"-start",(function(e){e[1]=this.wrapped||e[1]})),t}function w(e,t){let r=e;for(;"object"==typeof r&&!Object.prototype.hasOwnProperty.call(r,m);)r=Object.getPrototypeOf(r);for(var n=arguments.length,i=new Array(n>2?n-2:0),o=2;o<n;o++)i[o-2]=arguments[o];r&&t(r,...i)}var E="fetch-",A=E+"body-",x=["arrayBuffer","blob","json","text","formData"],T=g._A.Request,_=g._A.Response,D="prototype",N="nr@context";const S={};function O(e){const t=function(e){return(e||n.ee).get("fetch")}(e);if(!(T&&_&&g._A.fetch))return t;if(S[t.debugId]++)return t;function r(e,r,n){var i=e[r];"function"==typeof i&&(e[r]=function(){var e,r=o()(arguments),a={};t.emit(n+"before-start",[r],a),a[N]&&a[N].dt&&(e=a[N].dt);var s=i.apply(this,r);return t.emit(n+"start",[r,e],s),s.then((function(e){return t.emit(n+"end",[null,e],s),e}),(function(e){throw t.emit(n+"end",[e],s),e}))})}return S[t.debugId]=1,x.forEach((e=>{r(T[D],e,A),r(_[D],e,A)})),r(g._A,"fetch",E),t.on(E+"end",(function(e,r){var n=this;if(r){var i=r.headers.get("content-length");null!==i&&(n.rxSize=i),t.emit(E+"done",[null,r],n)}else t.emit(E+"done",[e],n)})),t}const j={},R=["pushState","replaceState"];function C(e){const t=function(e){return(e||n.ee).get("history")}(e);return!g.il||j[t.debugId]++||(j[t.debugId]=1,u(t).inPlace(window.history,R,"-")),t}var P=r(8544);const I={},k=["appendChild","insertBefore","replaceChild"];function H(e){const t=function(e){return(e||n.ee).get("jsonp")}(e);if(!g.il||I[t.debugId])return t;I[t.debugId]=!0;var r=u(t),i=/[?&](?:callback|cb)=([^&#]+)/,o=/(.*)\.([^.]+)/,a=/^(\w+)(\.|$)(.*)$/;function s(e,t){var r=e.match(a),n=r[1],i=r[3];return i?s(i,t[n]):t[n]}return r.inPlace(Node.prototype,k,"dom-"),t.on("dom-start",(function(e){!function(e){if(!e||"string"!=typeof e.nodeName||"script"!==e.nodeName.toLowerCase())return;if("function"!=typeof e.addEventListener)return;var n=(a=e.src,c=a.match(i),c?c[1]:null);var a,c;if(!n)return;var u=function(e){var t=e.match(o);if(t&&t.length>=3)return{key:t[2],parent:s(t[1],window)};return{key:e,parent:window}}(n);if("function"!=typeof u.parent[u.key])return;var d={};function f(){t.emit("jsonp-end",[],d),e.removeEventListener("load",f,(0,P.m$)(!1)),e.removeEventListener("error",l,(0,P.m$)(!1))}function l(){t.emit("jsonp-error",[],d),t.emit("jsonp-end",[],d),e.removeEventListener("load",f,(0,P.m$)(!1)),e.removeEventListener("error",l,(0,P.m$)(!1))}r.inPlace(u.parent,[u.key],"cb-",d),e.addEventListener("load",f,(0,P.m$)(!1)),e.addEventListener("error",l,(0,P.m$)(!1)),t.emit("new-jsonp",[e.src],d)}(e[0])})),t}var L=r(2919);const z={};function B(e){const t=function(e){return(e||n.ee).get("mutation")}(e);if(!g.il||z[t.debugId])return t;z[t.debugId]=!0;var r=u(t),i=L.Yu.MO;return i&&(window.MutationObserver=function(e){return this instanceof i?new i(r(e,"fn-")):i.apply(this,arguments)},MutationObserver.prototype=i.prototype),t}const M={};function F(e){const t=function(e){return(e||n.ee).get("promise")}(e);if(M[t.debugId])return t;M[t.debugId]=!0;var r=n.c,i=u(t),o=L.Yu.PR;return o&&function(){function e(r){var n=t.context(),a=i(r,"executor-",n,null,!1);const s=Reflect.construct(o,[a],e);return t.context(s).getCtx=function(){return n},s}g._A.Promise=e,Object.defineProperty(e,"name",{value:"Promise"}),e.toString=function(){return o.toString()},Object.setPrototypeOf(e,o),["all","race"].forEach((function(r){const n=o[r];e[r]=function(e){let i=!1;Array.from(e||[]).forEach((e=>{this.resolve(e).then(a("all"===r),a(!1))}));const o=n.apply(this,arguments);return o;function a(e){return function(){t.emit("propagate",[null,!i],o,!1,!1),i=i||!e}}}})),["resolve","reject"].forEach((function(r){const n=o[r];e[r]=function(e){const r=n.apply(this,arguments);return e!==r&&t.emit("propagate",[e,!0],r,!1,!1),r}})),e.prototype=o.prototype;const n=o.prototype.then;o.prototype.then=function(){var e=this,o=r(e);o.promise=e;for(var a=arguments.length,s=new Array(a),c=0;c<a;c++)s[c]=arguments[c];s[0]=i(s[0],"cb-",o,null,!1),s[1]=i(s[1],"cb-",o,null,!1);const u=n.apply(this,s);return o.nextPromise=u,t.emit("propagate",[e,!0],u,!1,!1),u},o.prototype.then[a]=n,t.on("executor-start",(function(e){e[0]=i(e[0],"resolve-",this,null,!1),e[1]=i(e[1],"resolve-",this,null,!1)})),t.on("executor-err",(function(e,t,r){e[1](r)})),t.on("cb-end",(function(e,r,n){t.emit("propagate",[n,!0],this.nextPromise,!1,!1)})),t.on("propagate",(function(e,r,n){this.getCtx&&!r||(this.getCtx=function(){if(e instanceof Promise)var r=t.context(e);return r&&r.getCtx?r.getCtx():this})}))}(),t}const U={},q="requestAnimationFrame";function G(e){const t=function(e){return(e||n.ee).get("raf")}(e);if(!g.il||U[t.debugId]++)return t;U[t.debugId]=1;var r=u(t);return r.inPlace(window,[q],"raf-"),t.on("raf-start",(function(e){e[0]=r(e[0],"fn-")})),t}const V={},W="setTimeout",X="setInterval",Z="clearTimeout",$="-start",Y="-",Q=[W,"setImmediate",X,Z,"clearImmediate"];function K(e){const t=function(e){return(e||n.ee).get("timer")}(e);if(V[t.debugId]++)return t;V[t.debugId]=1;var r=u(t);return r.inPlace(g._A,Q.slice(0,2),W+Y),r.inPlace(g._A,Q.slice(2,3),X+Y),r.inPlace(g._A,Q.slice(3),Z+Y),t.on(X+$,(function(e,t,n){e[0]=r(e[0],"fn-",null,n)})),t.on(W+$,(function(e,t,n){this.method=n,this.timerDuration=isNaN(e[1])?0:+e[1],e[0]=r(e[0],"fn-",this,n)})),t}var J=r(8610);const ee={},te=["open","send"];function re(e){var t=e||n.ee;const r=function(e){return(e||n.ee).get("xhr")}(t);if(ee[r.debugId]++)return r;ee[r.debugId]=1,y(t);var i=u(r),o=L.Yu.XHR,a=L.Yu.MO,s=L.Yu.PR,c=L.Yu.SI,d="readystatechange",f=["onload","onerror","onabort","onloadstart","onloadend","onprogress","ontimeout"],l=[],h=g._A.XMLHttpRequest.listeners,p=g._A.XMLHttpRequest=function(e){var t=new o(e);function n(){try{r.emit("new-xhr",[t],t),t.addEventListener(d,m,(0,P.m$)(!1))}catch(e){(0,J.Z)("An error occured while intercepting XHR",e);try{r.emit("internal-error",[e])}catch(e){}}}return this.listeners=h?[...h,n]:[n],this.listeners.forEach((e=>e())),t};function v(e,t){i.inPlace(t,["onreadystatechange"],"fn-",x)}function m(){var e=this,t=r.context(e);e.readyState>3&&!t.resolved&&(t.resolved=!0,r.emit("xhr-resolved",[],e)),i.inPlace(e,f,"fn-",x)}if(function(e,t){for(var r in e)t[r]=e[r]}(o,p),p.prototype=o.prototype,i.inPlace(p.prototype,te,"-xhr-",x),r.on("send-xhr-start",(function(e,t){v(e,t),function(e){l.push(e),a&&(b?b.then(A):c?c(A):(w=-w,E.data=w))}(t)})),r.on("open-xhr-start",v),a){var b=s&&s.resolve();if(!c&&!s){var w=1,E=document.createTextNode(w);new a(A).observe(E,{characterData:!0})}}else t.on("fn-end",(function(e){e[0]&&e[0].type===d||A()}));function A(){for(var e=0;e<l.length;e++)v(0,l[e]);l.length&&(l=[])}function x(e,t){return t}return r}},8675:(e,t,r)=>{"use strict";r.d(t,{t:()=>n});const n=r(2325).D.ajax},8322:(e,t,r)=>{"use strict";r.d(t,{A:()=>i,t:()=>n});const n=r(2325).D.jserrors,i="nr@seenError"},6034:(e,t,r)=>{"use strict";r.d(t,{gF:()=>o,mY:()=>i,t9:()=>n,vz:()=>s,xS:()=>a});const n=r(2325).D.metrics,i="sm",o="cm",a="storeSupportabilityMetrics",s="storeEventMetrics"},6486:(e,t,r)=>{"use strict";r.d(t,{t:()=>n});const n=r(2325).D.pageAction},2484:(e,t,r)=>{"use strict";r.d(t,{Dz:()=>i,OJ:()=>a,qw:()=>o,t9:()=>n});const n=r(2325).D.pageViewEvent,i="firstbyte",o="domcontent",a="windowload"},6382:(e,t,r)=>{"use strict";r.d(t,{t:()=>n});const n=r(2325).D.pageViewTiming},2628:(e,t,r)=>{"use strict";r.d(t,{ADD_EVENT_LISTENER:()=>p,BST_RESOURCE:()=>a,BST_TIMER:()=>l,END:()=>u,FEATURE_NAME:()=>i,FN_END:()=>f,FN_START:()=>d,ORIG_EVENT:()=>g,PUSH_STATE:()=>h,RESOURCE:()=>s,RESOURCE_TIMING_BUFFER_FULL:()=>o,START:()=>c});var n=r(2919);const i=r(2325).D.sessionTrace,o="resourcetimingbufferfull",a="bstResource",s="resource",c="-start",u="-end",d="fn"+c,f="fn"+u,l="bstTimer",h="pushState",g=n.Yu.EV,p="addEventListener"},755:(e,t,r)=>{"use strict";r.d(t,{BODY:()=>A,CB_END:()=>x,CB_START:()=>u,END:()=>E,FEATURE_NAME:()=>i,FETCH:()=>_,FETCH_BODY:()=>m,FETCH_DONE:()=>v,FETCH_START:()=>p,FN_END:()=>c,FN_START:()=>s,INTERACTION:()=>l,INTERACTION_API:()=>d,INTERACTION_EVENTS:()=>o,JSONP_END:()=>b,JSONP_NODE:()=>g,JS_TIME:()=>T,MAX_TIMER_BUDGET:()=>a,REMAINING:()=>f,SPA_NODE:()=>h,START:()=>w,originalSetTimeout:()=>y});var n=r(2919);r(2374);const i=r(2325).D.spa,o=["click","submit","keypress","keydown","keyup","change"],a=999,s="fn-start",c="fn-end",u="cb-start",d="api-ixn-",f="remaining",l="interaction",h="spaNode",g="jsonpNode",p="fetch-start",v="fetch-done",m="fetch-body-",b="jsonp-end",y=n.Yu.ST,w="-start",E="-end",A="-body",x="cb"+E,T="jsTime",_="fetch"},1509:(e,t,r)=>{"use strict";r.d(t,{W:()=>s});var n=r(2919),i=r(3752),o=r(2384),a=r(6797);class s{constructor(e,t,r){this.agentIdentifier=e,this.aggregator=t,this.ee=i.ee.get(e,(0,n.OP)(this.agentIdentifier).isolatedBacklog),this.featureName=r,this.blocked=!1,this.checkConfiguration()}checkConfiguration(){if(!(0,n.lF)(this.agentIdentifier)){let e={...(0,a.gG)().info?.jsAttributes};try{e={...e,...(0,n.C5)(this.agentIdentifier)?.jsAttributes}}catch(e){}(0,o.j)(this.agentIdentifier,{...(0,a.gG)(),info:{...(0,a.gG)().info,jsAttributes:e}})}}}},2384:(e,t,r)=>{"use strict";r.d(t,{j:()=>b});var n=r(2325),i=r(2919),o=r(9252),a=r(3752),s=r(2053),c=r(4329),u=r(2650),d=r(2374),f=r(8610),l=r(6034),h=r(6797);function g(){const e=(0,h.gG)();["setErrorHandler","finished","addToTrace","inlineHit","addRelease","addPageAction","setCurrentRouteName","setPageViewName","setCustomAttribute","interaction","noticeError","setUserId"].forEach((t=>{e[t]=function(){for(var r=arguments.length,n=new Array(r),i=0;i<r;i++)n[i]=arguments[i];return function(t){for(var r=arguments.length,n=new Array(r>1?r-1:0),i=1;i<r;i++)n[i-1]=arguments[i];let o=[];return Object.values(e.initializedAgents).forEach((e=>{e.exposed&&e.api[t]&&o.push(e.api[t](...n))})),o.length>1?o:o[0]}(t,...n)}}))}var p=r(7022);const v={stn:[n.D.sessionTrace],err:[n.D.jserrors,n.D.metrics],ins:[n.D.pageAction],spa:[n.D.spa]};const m={};function b(e){let t=arguments.length>1&&void 0!==arguments[1]?arguments[1]:{},b=arguments.length>2?arguments[2]:void 0,y=arguments.length>3?arguments[3]:void 0,{init:w,info:E,loader_config:A,runtime:x={loaderType:b},exposed:T=!0}=t;const _=(0,h.gG)();E||(w=_.init,E=_.info,A=_.loader_config),E.jsAttributes??={},d.v6&&(E.jsAttributes.isWorker=!0),(0,i.CX)(e,E),(0,i.Dg)(e,w||{}),(0,i.GE)(e,A||{}),(0,i.sU)(e,x),g();const D=function(e,t){t||(0,c.R)(e,"api");const h={};var g=a.ee.get(e),p=g.get("tracer"),v="api-",m=v+"ixn-";function b(t,r,n,o){const a=(0,i.C5)(e);return null===r?delete a.jsAttributes[t]:(0,i.CX)(e,{...a,jsAttributes:{...a.jsAttributes,[t]:r}}),E(v,n,!0,o||null===r?"session":void 0)(t,r)}function y(){}["setErrorHandler","finished","addToTrace","inlineHit","addRelease"].forEach((e=>h[e]=E(v,e,!0,"api"))),h.addPageAction=E(v,"addPageAction",!0,n.D.pageAction),h.setCurrentRouteName=E(v,"routeName",!0,n.D.spa),h.setPageViewName=function(t,r){if("string"==typeof t)return"/"!==t.charAt(0)&&(t="/"+t),(0,i.OP)(e).customTransaction=(r||"http://custom.transaction")+t,E(v,"setPageViewName",!0)()},h.setCustomAttribute=function(e,t){let r=arguments.length>2&&void 0!==arguments[2]&&arguments[2];if("string"==typeof e){if(["string","number"].includes(typeof t)||null===t)return b(e,t,"setCustomAttribute",r);(0,f.Z)("Failed to execute setCustomAttribute.\nNon-null value must be a string or number type, but a type of <".concat(typeof t,"> was provided."))}else(0,f.Z)("Failed to execute setCustomAttribute.\nName must be a string type, but a type of <".concat(typeof e,"> was provided."))},h.setUserId=function(e){if("string"==typeof e||null===e)return b("enduser.id",e,"setUserId",!0);(0,f.Z)("Failed to execute setUserId.\nNon-null value must be a string type, but a type of <".concat(typeof e,"> was provided."))},h.interaction=function(){return(new y).get()};var w=y.prototype={createTracer:function(e,t){var r={},i=this,a="function"==typeof t;return(0,o.p)(m+"tracer",[(0,s.z)(),e,r],i,n.D.spa,g),function(){if(p.emit((a?"":"no-")+"fn-start",[(0,s.z)(),i,a],r),a)try{return t.apply(this,arguments)}catch(e){throw p.emit("fn-err",[arguments,this,"string"==typeof e?new Error(e):e],r),e}finally{p.emit("fn-end",[(0,s.z)()],r)}}}};function E(e,t,r,i){return function(){return(0,o.p)(l.xS,["API/"+t+"/called"],void 0,n.D.metrics,g),i&&(0,o.p)(e+t,[(0,s.z)(),...arguments],r?null:this,i,g),r?void 0:this}}function A(){r.e(439).then(r.bind(r,5692)).then((t=>{let{setAPI:r}=t;r(e),(0,c.L)(e,"api")})).catch((()=>(0,f.Z)("Downloading runtime APIs failed...")))}return["actionText","setName","setAttribute","save","ignore","onEnd","getContext","end","get"].forEach((e=>{w[e]=E(m,e,void 0,n.D.spa)})),h.noticeError=function(e,t){"string"==typeof e&&(e=new Error(e)),(0,o.p)(l.xS,["API/noticeError/called"],void 0,n.D.metrics,g),(0,o.p)("err",[e,(0,s.z)(),!1,t],void 0,n.D.jserrors,g)},d.v6?A():(0,u.b)((()=>A()),!0),h}(e,y);return(0,h.Qy)(e,D,"api"),(0,h.Qy)(e,T,"exposed"),(0,h.EZ)("activatedFeatures",m),(0,h.EZ)("setToken",(t=>function(e,t){var r=a.ee.get(t);e&&"object"==typeof e&&((0,p.D)(e,(function(e,t){if(!t)return(v[e]||[]).forEach((t=>{(0,o.p)("block-"+e,[],void 0,t,r)}));m[e]||((0,o.p)("feat-"+e,[],void 0,v[e],r),m[e]=!0)})),(0,c.L)(t,n.D.pageViewEvent))}(t,e))),D}},909:(e,t,r)=>{"use strict";r.d(t,{Z:()=>i,q:()=>o});var n=r(2325);function i(e){switch(e){case n.D.ajax:return[n.D.jserrors];case n.D.sessionTrace:return[n.D.ajax,n.D.pageViewEvent];case n.D.pageViewTiming:return[n.D.pageViewEvent];default:return[]}}function o(e){return e===n.D.jserrors?[]:["auto"]}},2325:(e,t,r)=>{"use strict";r.d(t,{D:()=>n,p:()=>i});const n={ajax:"ajax",jserrors:"jserrors",metrics:"metrics",pageAction:"page_action",pageViewEvent:"page_view_event",pageViewTiming:"page_view_timing",sessionTrace:"session_trace",spa:"spa"},i={[n.pageViewEvent]:1,[n.pageViewTiming]:2,[n.metrics]:3,[n.jserrors]:4,[n.ajax]:5,[n.sessionTrace]:6,[n.pageAction]:7,[n.spa]:8}},8683:e=>{e.exports=function(e,t,r){t||(t=0),void 0===r&&(r=e?e.length:0);for(var n=-1,i=r-t||0,o=Array(i<0?0:i);++n<i;)o[n]=e[t+n];return o}}},n={};function i(e){var t=n[e];if(void 0!==t)return t.exports;var o=n[e]={exports:{}};return r[e](o,o.exports,i),o.exports}i.m=r,i.n=e=>{var t=e&&e.__esModule?()=>e.default:()=>e;return i.d(t,{a:t}),t},i.d=(e,t)=>{for(var r in t)i.o(t,r)&&!i.o(e,r)&&Object.defineProperty(e,r,{enumerable:!0,get:t[r]})},i.f={},i.e=e=>Promise.all(Object.keys(i.f).reduce(((t,r)=>(i.f[r](e,t),t)),[])),i.u=e=>(({78:"page_action-aggregate",147:"metrics-aggregate",193:"session_trace-aggregate",242:"session-manager",317:"jserrors-aggregate",348:"page_view_timing-aggregate",439:"async-api",729:"lazy-loader",786:"page_view_event-aggregate",873:"spa-aggregate",898:"ajax-aggregate"}[e]||e)+"."+{78:"64dc4751",147:"c2ad263a",193:"c0ef217a",242:"2a8d47d1",317:"017d6ea4",348:"ddd91465",439:"ad3273bd",729:"c8cd494b",786:"5a238c1f",873:"342172b1",875:"2c240adb",898:"666f66ea"}[e]+"-1.232.0.min.js"),i.o=(e,t)=>Object.prototype.hasOwnProperty.call(e,t),e={},t="NRBA:",i.l=(r,n,o,a)=>{if(e[r])e[r].push(n);else{var s,c;if(void 0!==o)for(var u=document.getElementsByTagName("script"),d=0;d<u.length;d++){var f=u[d];if(f.getAttribute("src")==r||f.getAttribute("data-webpack")==t+o){s=f;break}}s||(c=!0,(s=document.createElement("script")).charset="utf-8",s.timeout=120,i.nc&&s.setAttribute("nonce",i.nc),s.setAttribute("data-webpack",t+o),s.src=r),e[r]=[n];var l=(t,n)=>{s.onerror=s.onload=null,clearTimeout(h);var i=e[r];if(delete e[r],s.parentNode&&s.parentNode.removeChild(s),i&&i.forEach((e=>e(n))),t)return t(n)},h=setTimeout(l.bind(null,void 0,{type:"timeout",target:s}),12e4);s.onerror=l.bind(null,s.onerror),s.onload=l.bind(null,s.onload),c&&document.head.appendChild(s)}},i.r=e=>{"undefined"!=typeof Symbol&&Symbol.toStringTag&&Object.defineProperty(e,Symbol.toStringTag,{value:"Module"}),Object.defineProperty(e,"__esModule",{value:!0})},i.j=797,i.p="https://js-agent.newrelic.com/",(()=>{var e={797:0,201:0};i.f.j=(t,r)=>{var n=i.o(e,t)?e[t]:void 0;if(0!==n)if(n)r.push(n[2]);else{var o=new Promise(((r,i)=>n=e[t]=[r,i]));r.push(n[2]=o);var a=i.p+i.u(t),s=new Error;i.l(a,(r=>{if(i.o(e,t)&&(0!==(n=e[t])&&(e[t]=void 0),n)){var o=r&&("load"===r.type?"missing":r.type),a=r&&r.target&&r.target.src;s.message="Loading chunk "+t+" failed.\n("+o+": "+a+")",s.name="ChunkLoadError",s.type=o,s.request=a,n[1](s)}}),"chunk-"+t,t)}};var t=(t,r)=>{var n,o,[a,s,c]=r,u=0;if(a.some((t=>0!==e[t]))){for(n in s)i.o(s,n)&&(i.m[n]=s[n]);if(c)c(i)}for(t&&t(r);u<a.length;u++)o=a[u],i.o(e,o)&&e[o]&&e[o][0](),e[o]=0},r=window.webpackChunkNRBA=window.webpackChunkNRBA||[];r.forEach(t.bind(null,0)),r.push=t.bind(null,r.push.bind(r))})();var o={};(()=>{"use strict";i.r(o);var e=i(2325),t=i(2919);const r=Object.values(e.D);function n(e){const n={};return r.forEach((r=>{n[r]=function(e,r){return!1!==(0,t.Mt)(r,"".concat(e,".enabled"))}(r,e)})),n}var a=i(2384),s=i(909),c=i(9252),u=i(8768),d=i(4329),f=i(1509),l=i(2650),h=i(2374),g=i(8610);class p extends f.W{constructor(e,t,r){let n=!(arguments.length>3&&void 0!==arguments[3])||arguments[3];super(e,t,r),this.hasAggregator=!1,this.auto=n,this.abortHandler,n&&(0,d.R)(e,r)}importAggregator(){if(this.hasAggregator||!this.auto)return;this.hasAggregator=!0;const e=async()=>{try{const{setupAgentSession:e}=await i.e(242).then(i.bind(i,2011));e(this.agentIdentifier);const{lazyLoader:t}=await i.e(729).then(i.bind(i,8110)),{Aggregate:r}=await t(this.featureName,"aggregate");new r(this.agentIdentifier,this.aggregator)}catch(e){(0,g.Z)("Downloading ".concat(this.featureName," failed..."),e),this.abortHandler?.()}};h.v6?e():(0,l.b)((()=>e()),!0)}}var v=i(2484),m=i(2053);class b extends p{static featureName=v.t9;constructor(r,n){let i=!(arguments.length>2&&void 0!==arguments[2])||arguments[2];if(super(r,n,v.t9,i),("undefined"==typeof PerformanceNavigationTiming||u.T)&&"undefined"!=typeof PerformanceTiming){const n=(0,t.OP)(r);n[v.Dz]=Math.max(Date.now()-n.offset,0),(0,l.K)((()=>n[v.qw]=Math.max((0,m.z)()-n[v.Dz],0))),(0,l.b)((()=>{const t=(0,m.z)();n[v.OJ]=Math.max(t-n[v.Dz],0),(0,c.p)("timing",["load",t],void 0,e.D.pageViewTiming,this.ee)}))}this.importAggregator()}}var y=i(9557),w=i(7022);class E extends y.w{constructor(e){super(e),this.aggregatedData={}}store(e,t,r,n,i){var o=this.getBucket(e,t,r,i);return o.metrics=function(e,t){t||(t={count:0});return t.count+=1,(0,w.D)(e,(function(e,r){t[e]=A(r,t[e])})),t}(n,o.metrics),o}merge(e,t,r,n,i){var o=this.getBucket(e,t,n,i);if(o.metrics){var a=o.metrics;a.count+=r.count,(0,w.D)(r,(function(e,t){if("count"!==e){var n=a[e],i=r[e];i&&!i.c?a[e]=A(i.t,n):a[e]=function(e,t){if(!t)return e;t.c||(t=x(t.t));return t.min=Math.min(e.min,t.min),t.max=Math.max(e.max,t.max),t.t+=e.t,t.sos+=e.sos,t.c+=e.c,t}(i,a[e])}}))}else o.metrics=r}storeMetric(e,t,r,n){var i=this.getBucket(e,t,r);return i.stats=A(n,i.stats),i}getBucket(e,t,r,n){this.aggregatedData[e]||(this.aggregatedData[e]={});var i=this.aggregatedData[e][t];return i||(i=this.aggregatedData[e][t]={params:r||{}},n&&(i.custom=n)),i}get(e,t){return t?this.aggregatedData[e]&&this.aggregatedData[e][t]:this.aggregatedData[e]}take(e){for(var t={},r="",n=!1,i=0;i<e.length;i++)t[r=e[i]]=T(this.aggregatedData[r]),t[r].length&&(n=!0),delete this.aggregatedData[r];return n?t:null}}function A(e,t){return null==e?function(e){e?e.c++:e={c:1};return e}(t):t?(t.c||(t=x(t.t)),t.c+=1,t.t+=e,t.sos+=e*e,e>t.max&&(t.max=e),e<t.min&&(t.min=e),t):{t:e}}function x(e){return{t:e,min:e,max:e,sos:e*e,c:1}}function T(e){return"object"!=typeof e?[]:(0,w.D)(e,_)}function _(e,t){return t}var D=i(6797),N=i(5526),S=i(2438);var O=i(6998),j=i(8544),R=i(6382);class C extends p{static featureName=R.t;constructor(e,r){let n=!(arguments.length>2&&void 0!==arguments[2])||arguments[2];super(e,r,R.t,n),h.il&&((0,t.OP)(e).initHidden=Boolean("hidden"===document.visibilityState),(0,O.N)((()=>(0,c.p)("docHidden",[(0,m.z)()],void 0,R.t,this.ee)),!0),(0,j.bP)("pagehide",(()=>(0,c.p)("winPagehide",[(0,m.z)()],void 0,R.t,this.ee))),this.importAggregator())}}const P=Boolean(h._A?.Worker),I=Boolean(h._A?.SharedWorker),k=Boolean(h._A?.navigator?.serviceWorker);let H,L,z;var B=i(6034);class M extends p{static featureName=B.t9;constructor(t,r){let n=!(arguments.length>2&&void 0!==arguments[2])||arguments[2];super(t,r,B.t9,n),function(e){if(!H){if(P){H=Worker;try{h._A.Worker=r(H,"Dedicated")}catch(e){o(e,"Dedicated")}if(I){L=SharedWorker;try{h._A.SharedWorker=r(L,"Shared")}catch(e){o(e,"Shared")}}else n("Shared");if(k){z=navigator.serviceWorker.register;try{h._A.navigator.serviceWorker.register=(t=z,function(){for(var e=arguments.length,r=new Array(e),n=0;n<e;n++)r[n]=arguments[n];return i("Service",r[1]?.type),t.apply(navigator.serviceWorker,r)})}catch(e){o(e,"Service")}}else n("Service");var t;return}n("All")}function r(e,t){return"undefined"==typeof Proxy?e:new Proxy(e,{construct:(e,r)=>(i(t,r[1]?.type),new e(...r))})}function n(t){h.v6||e("Workers/".concat(t,"/Unavailable"))}function i(t,r){e("Workers/".concat(t,"module"===r?"/Module":"/Classic"))}function o(t,r){e("Workers/".concat(r,"/SM/Unsupported")),(0,g.Z)("NR Agent: Unable to capture ".concat(r," workers."),t)}}((t=>(0,c.p)(B.xS,[t],void 0,e.D.metrics,this.ee))),this.importAggregator()}}var F,U=i(3916),q=i(7264),G=(i(8683),i(3752)),V={};try{F=localStorage.getItem("__nr_flags").split(","),console&&"function"==typeof console.log&&(V.console=!0,-1!==F.indexOf("dev")&&(V.dev=!0),-1!==F.indexOf("nr_dev")&&(V.nrDev=!0))}catch(e){}function W(e){try{V.console&&W(e)}catch(e){}}V.nrDev&&G.ee.on("internal-error",(function(e){W(e.stack)})),V.dev&&G.ee.on("fn-err",(function(e,t,r){W(r.stack)})),V.dev&&(W("NR AGENT IN DEVELOPMENT MODE"),W("flags: "+(0,w.D)(V,(function(e,t){return e})).join(", ")));var X=i(8322);class Z extends p{static featureName=X.t;constructor(r,n){let i=!(arguments.length>2&&void 0!==arguments[2])||arguments[2];super(r,n,X.t,i),this.skipNext=0;try{this.removeOnAbort=new AbortController}catch(e){}const o=this;o.ee.on("fn-start",(function(e,t,r){o.abortHandler&&(o.skipNext+=1)})),o.ee.on("fn-err",(function(e,t,r){o.abortHandler&&!r[X.A]&&((0,U.X)(r,X.A,(function(){return!0})),this.thrown=!0,Y(r,void 0,o.ee))})),o.ee.on("fn-end",(function(){o.abortHandler&&!this.thrown&&o.skipNext>0&&(o.skipNext-=1)})),o.ee.on("internal-error",(function(t){(0,c.p)("ierr",[t,(0,m.z)(),!0],void 0,e.D.jserrors,o.ee)})),this.origOnerror=h._A.onerror,h._A.onerror=this.onerrorHandler.bind(this),h._A.addEventListener("unhandledrejection",(t=>{const r=function(e){let t="Unhandled Promise Rejection: ";if(e instanceof Error)try{return e.message=t+e.message,e}catch(t){return e}if(void 0===e)return new Error(t);try{return new Error(t+(0,S.P)(e))}catch(e){return new Error(t)}}(t.reason);(0,c.p)("err",[r,(0,m.z)(),!1,{unhandledPromiseRejection:1}],void 0,e.D.jserrors,this.ee)}),(0,j.m$)(!1,this.removeOnAbort?.signal)),(0,q.gy)(this.ee),(0,q.BV)(this.ee),(0,q.em)(this.ee),(0,t.OP)(r).xhrWrappable&&(0,q.Kf)(this.ee),this.abortHandler=this.#e,this.importAggregator()}#e(){this.removeOnAbort?.abort(),this.abortHandler=void 0}onerrorHandler(t,r,n,i,o){"function"==typeof this.origOnerror&&this.origOnerror(...arguments);try{this.skipNext?this.skipNext-=1:Y(o||new $(t,r,n),!0,this.ee)}catch(t){try{(0,c.p)("ierr",[t,(0,m.z)(),!0],void 0,e.D.jserrors,this.ee)}catch(e){}}return!1}}function $(e,t,r){this.message=e||"Uncaught error with no additional information",this.sourceURL=t,this.line=r}function Y(t,r,n){var i=r?null:(0,m.z)();(0,c.p)("err",[t,i],void 0,e.D.jserrors,n)}let Q=1;const K="nr@id";function J(e){const t=typeof e;return!e||"object"!==t&&"function"!==t?-1:e===h._A?0:(0,U.X)(e,K,(function(){return Q++}))}var ee=i(9071);function te(e){if("string"==typeof e&&e.length)return e.length;if("object"==typeof e){if("undefined"!=typeof ArrayBuffer&&e instanceof ArrayBuffer&&e.byteLength)return e.byteLength;if("undefined"!=typeof Blob&&e instanceof Blob&&e.size)return e.size;if(!("undefined"!=typeof FormData&&e instanceof FormData))try{return(0,S.P)(e).length}catch(e){return}}}var re=i(6368);class ne{constructor(e){this.agentIdentifier=e,this.generateTracePayload=this.generateTracePayload.bind(this),this.shouldGenerateTrace=this.shouldGenerateTrace.bind(this)}generateTracePayload(e){if(!this.shouldGenerateTrace(e))return null;var r=(0,t.DL)(this.agentIdentifier);if(!r)return null;var n=(r.accountID||"").toString()||null,i=(r.agentID||"").toString()||null,o=(r.trustKey||"").toString()||null;if(!n||!i)return null;var a=(0,N.M)(),s=(0,N.Ht)(),c=Date.now(),u={spanId:a,traceId:s,timestamp:c};return(e.sameOrigin||this.isAllowedOrigin(e)&&this.useTraceContextHeadersForCors())&&(u.traceContextParentHeader=this.generateTraceContextParentHeader(a,s),u.traceContextStateHeader=this.generateTraceContextStateHeader(a,c,n,i,o)),(e.sameOrigin&&!this.excludeNewrelicHeader()||!e.sameOrigin&&this.isAllowedOrigin(e)&&this.useNewrelicHeaderForCors())&&(u.newrelicHeader=this.generateTraceHeader(a,s,c,n,i,o)),u}generateTraceContextParentHeader(e,t){return"00-"+t+"-"+e+"-01"}generateTraceContextStateHeader(e,t,r,n,i){return i+"@nr=0-1-"+r+"-"+n+"-"+e+"----"+t}generateTraceHeader(e,t,r,n,i,o){if(!("function"==typeof h._A?.btoa))return null;var a={v:[0,1],d:{ty:"Browser",ac:n,ap:i,id:e,tr:t,ti:r}};return o&&n!==o&&(a.d.tk=o),btoa((0,S.P)(a))}shouldGenerateTrace(e){return this.isDtEnabled()&&this.isAllowedOrigin(e)}isAllowedOrigin(e){var r=!1,n={};if((0,t.Mt)(this.agentIdentifier,"distributed_tracing")&&(n=(0,t.P_)(this.agentIdentifier).distributed_tracing),e.sameOrigin)r=!0;else if(n.allowed_origins instanceof Array)for(var i=0;i<n.allowed_origins.length;i++){var o=(0,re.e)(n.allowed_origins[i]);if(e.hostname===o.hostname&&e.protocol===o.protocol&&e.port===o.port){r=!0;break}}return r}isDtEnabled(){var e=(0,t.Mt)(this.agentIdentifier,"distributed_tracing");return!!e&&!!e.enabled}excludeNewrelicHeader(){var e=(0,t.Mt)(this.agentIdentifier,"distributed_tracing");return!!e&&!!e.exclude_newrelic_header}useNewrelicHeaderForCors(){var e=(0,t.Mt)(this.agentIdentifier,"distributed_tracing");return!!e&&!1!==e.cors_use_newrelic_header}useTraceContextHeadersForCors(){var e=(0,t.Mt)(this.agentIdentifier,"distributed_tracing");return!!e&&!!e.cors_use_tracecontext_headers}}var ie=i(8675),oe=["load","error","abort","timeout"],ae=oe.length,se=t.Yu.REQ,ce=h._A.XMLHttpRequest;class ue extends p{static featureName=ie.t;constructor(r,n){let i=!(arguments.length>2&&void 0!==arguments[2])||arguments[2];super(r,n,ie.t,i),(0,t.OP)(r).xhrWrappable&&(this.dt=new ne(r),this.handler=(e,t,r,n)=>(0,c.p)(e,t,r,n,this.ee),(0,q.u5)(this.ee),(0,q.Kf)(this.ee),function(r,n,i,o){function a(e){var t=this;t.totalCbs=0,t.called=0,t.cbTime=0,t.end=x,t.ended=!1,t.xhrGuids={},t.lastSize=null,t.loadCaptureCalled=!1,t.params=this.params||{},t.metrics=this.metrics||{},e.addEventListener("load",(function(r){_(t,e)}),(0,j.m$)(!1)),ee.I||e.addEventListener("progress",(function(e){t.lastSize=e.loaded}),(0,j.m$)(!1))}function s(e){this.params={method:e[0]},T(this,e[1]),this.metrics={}}function c(e,n){var i=(0,t.DL)(r);"xpid"in i&&this.sameOrigin&&n.setRequestHeader("X-NewRelic-ID",i.xpid);var a=o.generateTracePayload(this.parsedOrigin);if(a){var s=!1;a.newrelicHeader&&(n.setRequestHeader("newrelic",a.newrelicHeader),s=!0),a.traceContextParentHeader&&(n.setRequestHeader("traceparent",a.traceContextParentHeader),a.traceContextStateHeader&&n.setRequestHeader("tracestate",a.traceContextStateHeader),s=!0),s&&(this.dt=a)}}function u(e,t){var r=this.metrics,i=e[0],o=this;if(r&&i){var a=te(i);a&&(r.txSize=a)}this.startTime=(0,m.z)(),this.listener=function(e){try{"abort"!==e.type||o.loadCaptureCalled||(o.params.aborted=!0),("load"!==e.type||o.called===o.totalCbs&&(o.onloadCalled||"function"!=typeof t.onload)&&"function"==typeof o.end)&&o.end(t)}catch(e){try{n.emit("internal-error",[e])}catch(e){}}};for(var s=0;s<ae;s++)t.addEventListener(oe[s],this.listener,(0,j.m$)(!1))}function d(e,t,r){this.cbTime+=e,t?this.onloadCalled=!0:this.called+=1,this.called!==this.totalCbs||!this.onloadCalled&&"function"==typeof r.onload||"function"!=typeof this.end||this.end(r)}function f(e,t){var r=""+J(e)+!!t;this.xhrGuids&&!this.xhrGuids[r]&&(this.xhrGuids[r]=!0,this.totalCbs+=1)}function l(e,t){var r=""+J(e)+!!t;this.xhrGuids&&this.xhrGuids[r]&&(delete this.xhrGuids[r],this.totalCbs-=1)}function g(){this.endTime=(0,m.z)()}function p(e,t){t instanceof ce&&"load"===e[0]&&n.emit("xhr-load-added",[e[1],e[2]],t)}function v(e,t){t instanceof ce&&"load"===e[0]&&n.emit("xhr-load-removed",[e[1],e[2]],t)}function b(e,t,r){t instanceof ce&&("onload"===r&&(this.onload=!0),("load"===(e[0]&&e[0].type)||this.onload)&&(this.xhrCbStart=(0,m.z)()))}function y(e,t){this.xhrCbStart&&n.emit("xhr-cb-time",[(0,m.z)()-this.xhrCbStart,this.onload,t],t)}function w(e){var t,r=e[1]||{};"string"==typeof e[0]?t=e[0]:e[0]&&e[0].url?t=e[0].url:h._A?.URL&&e[0]&&e[0]instanceof URL&&(t=e[0].href),t&&(this.parsedOrigin=(0,re.e)(t),this.sameOrigin=this.parsedOrigin.sameOrigin);var n=o.generateTracePayload(this.parsedOrigin);if(n&&(n.newrelicHeader||n.traceContextParentHeader))if("string"==typeof e[0]||h._A?.URL&&e[0]&&e[0]instanceof URL){var i={};for(var a in r)i[a]=r[a];i.headers=new Headers(r.headers||{}),s(i.headers,n)&&(this.dt=n),e.length>1?e[1]=i:e.push(i)}else e[0]&&e[0].headers&&s(e[0].headers,n)&&(this.dt=n);function s(e,t){var r=!1;return t.newrelicHeader&&(e.set("newrelic",t.newrelicHeader),r=!0),t.traceContextParentHeader&&(e.set("traceparent",t.traceContextParentHeader),t.traceContextStateHeader&&e.set("tracestate",t.traceContextStateHeader),r=!0),r}}function E(e,t){this.params={},this.metrics={},this.startTime=(0,m.z)(),this.dt=t,e.length>=1&&(this.target=e[0]),e.length>=2&&(this.opts=e[1]);var r,n=this.opts||{},i=this.target;"string"==typeof i?r=i:"object"==typeof i&&i instanceof se?r=i.url:h._A?.URL&&"object"==typeof i&&i instanceof URL&&(r=i.href),T(this,r);var o=(""+(i&&i instanceof se&&i.method||n.method||"GET")).toUpperCase();this.params.method=o,this.txSize=te(n.body)||0}function A(t,r){var n;this.endTime=(0,m.z)(),this.params||(this.params={}),this.params.status=r?r.status:0,"string"==typeof this.rxSize&&this.rxSize.length>0&&(n=+this.rxSize);var o={txSize:this.txSize,rxSize:n,duration:(0,m.z)()-this.startTime};i("xhr",[this.params,o,this.startTime,this.endTime,"fetch"],this,e.D.ajax)}function x(t){var r=this.params,n=this.metrics;if(!this.ended){this.ended=!0;for(var o=0;o<ae;o++)t.removeEventListener(oe[o],this.listener,!1);r.aborted||(n.duration=(0,m.z)()-this.startTime,this.loadCaptureCalled||4!==t.readyState?null==r.status&&(r.status=0):_(this,t),n.cbTime=this.cbTime,i("xhr",[r,n,this.startTime,this.endTime,"xhr"],this,e.D.ajax))}}function T(e,t){var r=(0,re.e)(t),n=e.params;n.hostname=r.hostname,n.port=r.port,n.protocol=r.protocol,n.host=r.hostname+":"+r.port,n.pathname=r.pathname,e.parsedOrigin=r,e.sameOrigin=r.sameOrigin}function _(e,t){e.params.status=t.status;var r=function(e,t){var r=e.responseType;return"json"===r&&null!==t?t:"arraybuffer"===r||"blob"===r||"json"===r?te(e.response):"text"===r||""===r||void 0===r?te(e.responseText):void 0}(t,e.lastSize);if(r&&(e.metrics.rxSize=r),e.sameOrigin){var n=t.getResponseHeader("X-NewRelic-App-Data");n&&(e.params.cat=n.split(", ").pop())}e.loadCaptureCalled=!0}n.on("new-xhr",a),n.on("open-xhr-start",s),n.on("open-xhr-end",c),n.on("send-xhr-start",u),n.on("xhr-cb-time",d),n.on("xhr-load-added",f),n.on("xhr-load-removed",l),n.on("xhr-resolved",g),n.on("addEventListener-end",p),n.on("removeEventListener-end",v),n.on("fn-end",y),n.on("fetch-before-start",w),n.on("fetch-start",E),n.on("fn-start",b),n.on("fetch-done",A)}(r,this.ee,this.handler,this.dt),this.importAggregator())}}var de=i(6408),fe=i(2628);const{BST_RESOURCE:le,BST_TIMER:he,END:ge,FEATURE_NAME:pe,FN_END:ve,FN_START:me,ADD_EVENT_LISTENER:be,PUSH_STATE:ye,RESOURCE:we,RESOURCE_TIMING_BUFFER_FULL:Ee,START:Ae,ORIG_EVENT:xe}=fe,Te="clearResourceTimings";var _e=i(755);const{FEATURE_NAME:De,START:Ne,END:Se,BODY:Oe,CB_END:je,JS_TIME:Re,FETCH:Ce,FN_START:Pe,CB_START:Ie,FN_END:ke}=_e;var He=i(6486);class Le extends p{static featureName=He.t;constructor(e,t){let r=!(arguments.length>2&&void 0!==arguments[2])||arguments[2];super(e,t,He.t,r),this.importAggregator()}}new class{constructor(e){let t=arguments.length>1&&void 0!==arguments[1]?arguments[1]:(0,N.ky)(16);this.agentIdentifier=t,this.sharedAggregator=new E({agentIdentifier:this.agentIdentifier}),this.features={},this.desiredFeatures=new Set(e.features||[]),this.desiredFeatures.add(b),Object.assign(this,(0,a.j)(this.agentIdentifier,e,e.loaderType||"agent")),this.start()}get config(){return{info:(0,t.C5)(this.agentIdentifier),init:(0,t.P_)(this.agentIdentifier),loader_config:(0,t.DL)(this.agentIdentifier),runtime:(0,t.OP)(this.agentIdentifier)}}start(){const t="features";try{const r=n(this.agentIdentifier),i=Array.from(this.desiredFeatures);i.sort(((t,r)=>e.p[t.featureName]-e.p[r.featureName])),i.forEach((t=>{if(r[t.featureName]||t.featureName===e.D.pageViewEvent){const e=(0,s.Z)(t.featureName);e.every((e=>r[e]))||(0,g.Z)("".concat(t.featureName," is enabled but one or more dependent features has been disabled (").concat((0,S.P)(e),"). This may cause unintended consequences or missing data...")),this.features[t.featureName]=new t(this.agentIdentifier,this.sharedAggregator)}})),(0,D.Qy)(this.agentIdentifier,this.features,t)}catch(e){(0,g.Z)("Failed to initialize all enabled instrument classes (agent aborted) -",e);for(const e in this.features)this.features[e].abortHandler?.();const r=(0,D.fP)();return delete r.initializedAgents[this.agentIdentifier]?.api,delete r.initializedAgents[this.agentIdentifier]?.[t],delete this.sharedAggregator,r.ee?.abort(),delete r.ee?.get(this.agentIdentifier),!1}}}({features:[ue,b,C,class extends p{static featureName=pe;constructor(t,r){if(super(t,r,pe,!(arguments.length>2&&void 0!==arguments[2])||arguments[2]),!h.il)return;const n=this.ee;this.timerEE=(0,q.BV)(n),this.rafEE=(0,q.gy)(n),(0,q.QU)(n),(0,q.em)(n),n.on(me,(function(e,t){e[0]instanceof xe&&(this.bstStart=(0,m.z)())})),n.on(ve,(function(t,r){var i=t[0];i instanceof xe&&(0,c.p)("bst",[i,r,this.bstStart,(0,m.z)()],void 0,e.D.sessionTrace,n)})),this.timerEE.on(me,(function(e,t,r){this.bstStart=(0,m.z)(),this.bstType=r})),this.timerEE.on(ve,(function(t,r){(0,c.p)(he,[r,this.bstStart,(0,m.z)(),this.bstType],void 0,e.D.sessionTrace,n)})),this.rafEE.on(me,(function(){this.bstStart=(0,m.z)()})),this.rafEE.on(ve,(function(t,r){(0,c.p)(he,[r,this.bstStart,(0,m.z)(),"requestAnimationFrame"],void 0,e.D.sessionTrace,n)})),n.on(ye+Ae,(function(e){this.time=(0,m.z)(),this.startPath=location.pathname+location.hash})),n.on(ye+ge,(function(t){(0,c.p)("bstHist",[location.pathname+location.hash,this.startPath,this.time],void 0,e.D.sessionTrace,n)})),(0,de.W)()?((0,c.p)(le,[window.performance.getEntriesByType("resource")],void 0,e.D.sessionTrace,n),function(){var t=new PerformanceObserver(((t,r)=>{var i=t.getEntries();(0,c.p)(le,[i],void 0,e.D.sessionTrace,n)}));try{t.observe({entryTypes:["resource"]})}catch(e){}}()):window.performance[Te]&&window.performance[be]&&window.performance.addEventListener(Ee,this.onResourceTimingBufferFull,(0,j.m$)(!1)),document.addEventListener("scroll",this.noOp,(0,j.m$)(!1)),document.addEventListener("keypress",this.noOp,(0,j.m$)(!1)),document.addEventListener("click",this.noOp,(0,j.m$)(!1)),this.abortHandler=this.#e,this.importAggregator()}#e(){window.performance.removeEventListener(Ee,this.onResourceTimingBufferFull,!1),this.abortHandler=void 0}noOp(e){}onResourceTimingBufferFull(t){if((0,c.p)(le,[window.performance.getEntriesByType(we)],void 0,e.D.sessionTrace,this.ee),window.performance[Te])try{window.performance.removeEventListener(Ee,this.onResourceTimingBufferFull,!1)}catch(e){}}},M,Le,Z,class extends p{static featureName=De;constructor(e,r){if(super(e,r,De,!(arguments.length>2&&void 0!==arguments[2])||arguments[2]),!h.il)return;if(!(0,t.OP)(e).xhrWrappable)return;try{this.removeOnAbort=new AbortController}catch(e){}let n,i=0;const o=this.ee.get("tracer"),a=(0,q._L)(this.ee),s=(0,q.Lg)(this.ee),c=(0,q.BV)(this.ee),u=(0,q.Kf)(this.ee),d=this.ee.get("events"),f=(0,q.u5)(this.ee),l=(0,q.QU)(this.ee),g=(0,q.Gm)(this.ee);function p(e,t){l.emit("newURL",[""+window.location,t])}function v(){i++,n=window.location.hash,this[Pe]=(0,m.z)()}function b(){i--,window.location.hash!==n&&p(0,!0);var e=(0,m.z)();this[Re]=~~this[Re]+e-this[Pe],this[ke]=e}function y(e,t){e.on(t,(function(){this[t]=(0,m.z)()}))}this.ee.on(Pe,v),s.on(Ie,v),a.on(Ie,v),this.ee.on(ke,b),s.on(je,b),a.on(je,b),this.ee.buffer([Pe,ke,"xhr-resolved"],this.featureName),d.buffer([Pe],this.featureName),c.buffer(["setTimeout"+Se,"clearTimeout"+Ne,Pe],this.featureName),u.buffer([Pe,"new-xhr","send-xhr"+Ne],this.featureName),f.buffer([Ce+Ne,Ce+"-done",Ce+Oe+Ne,Ce+Oe+Se],this.featureName),l.buffer(["newURL"],this.featureName),g.buffer([Pe],this.featureName),s.buffer(["propagate",Ie,je,"executor-err","resolve"+Ne],this.featureName),o.buffer([Pe,"no-"+Pe],this.featureName),a.buffer(["new-jsonp","cb-start","jsonp-error","jsonp-end"],this.featureName),y(f,Ce+Ne),y(f,Ce+"-done"),y(a,"new-jsonp"),y(a,"jsonp-end"),y(a,"cb-start"),l.on("pushState-end",p),l.on("replaceState-end",p),window.addEventListener("hashchange",p,(0,j.m$)(!0,this.removeOnAbort?.signal)),window.addEventListener("load",p,(0,j.m$)(!0,this.removeOnAbort?.signal)),window.addEventListener("popstate",(function(){p(0,i>1)}),(0,j.m$)(!0,this.removeOnAbort?.signal)),this.abortHandler=this.#e,this.importAggregator()}#e(){this.removeOnAbort?.abort(),this.abortHandler=void 0}}],loaderType:"spa"})})(),window.NRBA=o})();</script><script>window.dataLayer = window.dataLayer || []; function gtag() { window.dataLayer.push(arguments); }</script><script type="text/plain" class="optanon-category-C0002">
  (function(a,s,y,n,c,h,i,d,e){s.className+=' '+y;h.start=1*new Date;
  h.end=i=function(){s.className=s.className.replace(RegExp(' ?'+y),'')};
  (a[n]=a[n]||[]).hide=h;setTimeout(function(){i();h.end=null},c);h.timeout=c;
  })(window,document.documentElement,'optimize-loading','dataLayer',4000,
  {'GTM-5SFXXP4':true});</script><script async="" type="text/plain" class="optanon-category-C0002" src="https://www.googleoptimize.com/optimize.js?id=GTM-5SFXXP4"></script><script>
function isIE() {
  ua = navigator.userAgent;
  return ua.indexOf('MSIE ') > -1 || ua.indexOf('Trident/') > -1; 
}

if (isIE()) { 
  window.location.href = 'legacybrowsers/index.html?GTM-5SFXXP4';
}</script><link rel="preload" type="font/woff2" href="/fonts/Gotham-Book.woff2" as="font" crossorigin="anonymous"><link rel="preload" type="font/woff2" href="/fonts/Gotham-Medium.woff2" as="font" crossorigin="anonymous"><link rel="preload" type="font/woff2" href="/fonts/GothamSerif-Bold.woff2" as="font" crossorigin="anonymous"><link rel="preload" type="font/woff2" href="/fonts/GothamSerif-Price.woff2" as="font" crossorigin="anonymous"><style>
              @font-face {
                font-family: 'GothamBook';
                src: url('/fonts/Gotham-Book.woff2') format('woff2'), url('/fonts/Gotham-Book.woff') format('woff');
                font-weight: 400;
                font-style: normal;
                font-display: swap;
              }

              @font-face {
                font-family: 'GothamMedium';
                src: url('/fonts/Gotham-Medium.woff2') format('woff2'), url('/fonts/Gotham-Medium.woff') format('woff');
                font-weight: 500;
                font-style: normal;
                font-display: swap;
              }

              @font-face {
                font-family: 'GothamSerifPrice';
                src: url('/fonts/GothamSerif-Price.woff2') format('woff2'), url('/fonts/GothamSerif-Price.woff') format('woff');
                font-weight: 500;
                font-style: normal;
                font-display: swap;
              }

              @font-face {
                font-family: 'GothamSerifBold';
                src: url('/fonts/GothamSerif-Bold.woff2') format('woff2'), url('/fonts/GothamSerif-Bold.woff') format('woff');
                font-weight: 700;
                font-style: normal;
                font-display: swap;
              }
            </style><noscript data-n-css=""></noscript><script defer="" crossorigin="anonymous" nomodule="" src="/_next/static/chunks/polyfills-c67a75d1b6f99dc8.js"></script><script defer="" src="/_next/static/chunks/1354-ea0194cde815edda.js" crossorigin="anonymous"></script><script defer="" src="/_next/static/chunks/3470.fbc0dc941618f84c.js" crossorigin="anonymous"></script><script defer="" src="/_next/static/chunks/CartModals.1dd8478f857e6cb3.js" crossorigin="anonymous"></script><script src="/_next/static/chunks/webpack-21ca7692b31b0e5a.js" defer="" crossorigin="anonymous"></script><script src="/_next/static/chunks/framework-2eac1b1be89426ce.js" defer="" crossorigin="anonymous"></script><script src="/_next/static/chunks/main-089c6f2ef49df7ca.js" defer="" crossorigin="anonymous"></script><script src="/_next/static/chunks/pages/_app-f2ca566d5f9b00a0.js" defer="" crossorigin="anonymous"></script><script src="/_next/static/chunks/6649-08a9868294fa3925.js" defer="" crossorigin="anonymous"></script><script src="/_next/static/chunks/7348-2a1ba6ef0ed1bb3e.js" defer="" crossorigin="anonymous"></script><script src="/_next/static/chunks/5929-bf44a10f53125d62.js" defer="" crossorigin="anonymous"></script><script src="/_next/static/chunks/504-d21f04f3d43ecdd8.js" defer="" crossorigin="anonymous"></script><script src="/_next/static/chunks/3509-601e6853ee7fe013.js" defer="" crossorigin="anonymous"></script><script src="/_next/static/chunks/8182-5ceb8c5a66e92666.js" defer="" crossorigin="anonymous"></script><script src="/_next/static/chunks/8486-34e01b0edc241c87.js" defer="" crossorigin="anonymous"></script><script src="/_next/static/chunks/pages/sortiment/%5B...categories%5D-d1fc09e2e3e92163.js" defer="" crossorigin="anonymous"></script><script src="/_next/static/rIU9D6YefFlgHhB6TgbKg/_buildManifest.js" defer="" crossorigin="anonymous"></script><script src="/_next/static/rIU9D6YefFlgHhB6TgbKg/_ssgManifest.js" defer="" crossorigin="anonymous"></script><style data-styled="active" data-styled-version="5.3.6"></style><script charset="utf-8" data-webpack="_N_E:chunk-3806" src="/_next/static/chunks/3806-4dd3eee14ff3fe46.js"></script><script charset="utf-8" data-webpack="_N_E:chunk-2175" src="/_next/static/chunks/DeliveryPicker.7b494fe11d738426.js"></script></head><body><noscript>
      <iframe src="https://www.googletagmanager.com/ns.html?id=GTM-W2V9TZ&gtm_auth=&gtm_preview=&gtm_cookies_win=x"
        height="0" width="0" style="display:none;visibility:hidden" id="tag-manager"></iframe></noscript><div id="__next"><div class="sc-504002c3-0 dCNhjZ"><div><header class="sc-5a747c14-0 iuBQFy"><div><a class="sc-f1f2eb33-0 hzJRJT" href="/"><span data-testid="icon" class="sc-aa256264-1 bFmDBX sc-ec7d446d-0 bbpomP" style="color:#181818"><svg xmlns="http://www.w3.org/2000/svg" viewBox="0 0 306.3 63.7" xml:space="preserve"><title>Willys</title><path fill-rule="evenodd" clip-rule="evenodd" fill="#E60019" d="M164.5 17.8h-7.1V7.6H186v10.2h-6.9v30.8h4.4l1-5.4.2-.1h.2l.1.1h10.9v17.4h-38.5v-9l7.1-1.6z"></path><path fill-rule="evenodd" clip-rule="evenodd" d="M3.2 17.8V7.6h23.6v10.2H22l4.1 21 7.1-31.2h15.1l7 30.6 4.6-20.4h-5V7.6h22.7v10.2h-3.3L63.7 60.6H45.9L40 30.2l-6.6 30.4H16.5L6.2 17.8z"></path><path fill-rule="evenodd" clip-rule="evenodd" fill="#E60019" d="M120.5 17.8h-7.1V7.6H142v10.2h-6.9v30.8h4.4l1-5.4h.1l.1-.1h.2l.2.1h10.8v17.4h-38.5v-9l7.1-1.6z"></path><path fill-rule="evenodd" clip-rule="evenodd" d="M195.3 17.8V9.7l-.1-1 .1-1.1H216l1 .1 1-.1v10.2h-3.1l4.6 10 5-10h-3.4V7.6h22.6v10.2H240l-12.9 25.4V50l6.4 1.6v9h-28.6v-9l7-1.6v-6.8l-5.4-9.8-1.3-2.7-7-12.9zM267.2 19.3c.6-2.5 1.6-4.2 3.1-6.3l1.4-1.4 1.6-1.3c3.3-2.1 6.7-2.9 10.5-3.4l1-.1h3.8l1.8.1 1.8.2 1.8.2 1.8.2 1.8.3 1.8.3 1.8.3v15.5h-12.6v-5.1h-1.1l-1.3.3-1.8.7c-2.5 1.4-2.9 3.9-.3 5.5l.8.5 1.7.7 2.6.9 1.3.5c3.5 1.4 7.4 3.2 9.9 6l1.2 1.7c2.1 4.1 2.2 6.7 1.1 11.1l-.2.8c-1.6 5-4.5 8.4-9.5 10.9l-1.8.8c-5.6 2.1-10.4 2-16.4 1.6l-1.7-.2-5-.9V43.2h12.1V48h3.9l1.6-.6.3-.1c2.4-1.8 1.4-3.7-.3-5.3l-.3-.2-1.8-.7-2.1-.7-2.1-.7-2.1-.8-3-1.3-1.8-1.2-1.6-1.4-1.3-1.6-1.1-1.6-.8-1.5-.3-.8c-1-3.7-1.2-6.6-.2-10.2M81 21.4h19.7l.5.1.6-.1h.6V50l5.6 1.6v9H81v-9l6.7-1.6V32H81z"></path><g fill-rule="evenodd" clip-rule="evenodd"><path d="M95.1 2.3c4.7 0 8.5 3.8 8.5 8.5s-3.8 8.5-8.5 8.5-8.5-3.8-8.5-8.5c.1-4.8 3.9-8.5 8.5-8.5M251.4 23.5c4.7 0 8.5 3.8 8.5 8.5s-3.8 8.5-8.5 8.5-8.5-3.8-8.5-8.5 3.8-8.5 8.5-8.5M251.4 44.8c4.7 0 8.5 3.8 8.5 8.5s-3.8 8.5-8.5 8.5-8.5-3.8-8.5-8.5 3.8-8.5 8.5-8.5"></path></g></svg></span></a></div><div class="sc-5a747c14-1 leLprt"><div class="sc-ad6f958b-0 jsOyJd"><nav class="sc-ad6f958b-1 dmtDMt"><div class="sc-ad6f958b-3 gTkatU"><a class="sc-f1f2eb33-0 wcIDh sc-ad6f958b-2 ijyVbj" href="/erbjudanden/ehandel">Erbjudanden</a></div><div class="sc-ad6f958b-3 gTkatU"><a class="sc-f1f2eb33-0 wcIDh sc-ad6f958b-2 ijyVbj" href="/butik-sok">Hitta butik</a></div><div class="sc-ad6f958b-3 gTkatU"><a class="sc-f1f2eb33-0 wcIDh sc-ad6f958b-2 ijyVbj" href="/artikel/kundservice">Kundservice</a></div><div class="sc-ad6f958b-3 gTkatU"><a class="sc-f1f2eb33-0 wcIDh sc-ad6f958b-2 ijyVbj" href="/artikel/om-oss/willys-plus">Willys Plus</a></div></nav></div><div role="button" tabindex="0" data-testid="open-login-modal" class="sc-cbedd5cb-0 bCYhXw"><span data-testid="icon" class="sc-aa256264-1 bFmDBX" style="color:#181818"><svg xmlns="http://www.w3.org/2000/svg" width="16" height="16" viewBox="0 0 16 16"><path fill="currentColor" d="M11.775 9.533c.019.003.037.008.055.013l.025.009a.738.738 0 0 1 .492.497l2.404 4.865a.751.751 0 0 1-1.294.753l-.05-.088-2.052-4.147c-.935.582-2.168.912-3.475.912-1.318 0-2.56-.336-3.499-.926l-2.057 4.16a.75.75 0 1 1-1.345-.664l2.465-4.985a.752.752 0 0 1 .717-.416c.188.01.367.085.504.225.65.666 1.861 1.106 3.215 1.106 1.295 0 2.461-.403 3.129-1.022a.737.737 0 0 1 .766-.292zM7.865 0a4.302 4.302 0 1 1 0 8.601 4.302 4.302 0 0 1 0-8.6zm0 1.5a2.8 2.8 0 1 0 0 5.6A2.8 2.8 0 0 0 7.865 1.5z"></path></svg></span><span class="sc-cbedd5cb-1 cgsKcz">Logga in</span></div></div></header></div><div class="sc-504002c3-3 fSCyHG"><main class="sc-504002c3-1 gNITnc"><section class="sc-504002c3-2 budPqh"><div id="Position1Slot" data-testid="Position1Slot"></div><div><div class="sc-5cc69069-0 khtxVy"><div data-testid="category-breadcrumbs" class="sc-f17832f9-2 iUIllA"><a class="sc-f1f2eb33-0 hzJRJT sc-b4b1a2fc-0 jvjpHJ" href="/"><span>Hem</span></a><span class="sc-b4b1a2fc-0 jvjpHJ"><span data-testid="icon" class="sc-aa256264-1 bFmDBX sc-b4b1a2fc-1 hexuqz" style="color:#767676"><svg width="8" height="8" viewBox="0 0 8 8" xmlns="http://www.w3.org/2000/svg"><path fill="currentColor" d="M7.766 2.587a.75.75 0 0 1 .004.979l-.078.079L4.415 6.49a.75.75 0 0 1-.908.057l-.089-.069L.295 3.633a.75.75 0 0 1 .923-1.177l.087.068 2.631 2.395 2.772-2.407a.752.752 0 0 1 .98-.003l.078.078Z"></path></svg></span>Glass, godis &amp; snacks</span></div><div class="sc-f17832f9-0 gimbbN"><h2 class="sc-37bb044d-1 hhHNDO sc-f17832f9-1 ifIOFf" color="black">Glass, godis &amp; snacks</h2><p color="gray" type="body" title="" data-testid="category-total-amount" class="sc-de2d19ce-0 xGPja">935 varor</p></div><div class="sc-cd7cc70d-0 gkwNCI"><div class="sc-cd7cc70d-1 bHvGip"><div data-testid="productlist-filter" class="sc-8d4246b5-0 bUzMJV"><div class="sc-8172f69c-0 dRUfpx"><span class="sc-8172f69c-1 btFjkk">Varumärken</span><span data-testid="icon" class="sc-aa256264-1 bFmDBX" style="color:#181818"><svg xmlns="http://www.w3.org/2000/svg" width="12" height="12" viewBox="0 0 12 12"><path fill="currentColor" d="M6 0a.75.75 0 0 1 .75.75v4.5h4.5a.75.75 0 0 1 0 1.5h-4.5v4.5a.75.75 0 0 1-1.5 0v-4.5H.75a.75.75 0 0 1 0-1.5h4.5V.75A.75.75 0 0 1 6 0z"></path></svg></span></div><div class="sc-8172f69c-2 fJGxBt"><div class="sc-8172f69c-3 kUyhsP"><a class="sc-f1f2eb33-0 hzJRJT" href="/sortiment/glass-godis-och-snacks?q=%3AtopRated%3AcommercialName2%3A2640"><button class="sc-c5497fb8-0 ixPwWa sc-aaf8a53a-0 jeFPS" type="button"><p class="sc-aaf8a53a-1 iNbHdt"><span>2640</span><span class="sc-aaf8a53a-2 beovgw">2</span></p></button></a><a class="sc-f1f2eb33-0 hzJRJT" href="/sortiment/glass-godis-och-snacks?q=%3AtopRated%3AcommercialName2%3AAhlgrens%2BBilar"><button class="sc-c5497fb8-0 ixPwWa sc-aaf8a53a-0 jeFPS" type="button"><p class="sc-aaf8a53a-1 iNbHdt"><span>Ahlgrens Bilar</span><span class="sc-aaf8a53a-2 beovgw">4</span></p></button></a><a class="sc-f1f2eb33-0 hzJRJT" href="/sortiment/glass-godis-och-snacks?q=%3AtopRated%3AcommercialName2%3AAlvestaglass"><button class="sc-c5497fb8-0 ixPwWa sc-aaf8a53a-0 jeFPS" type="button"><p class="sc-aaf8a53a-1 iNbHdt"><span>Alvestaglass</span><span class="sc-aaf8a53a-2 beovgw">8</span></p></button></a><a class="sc-f1f2eb33-0 hzJRJT" href="/sortiment/glass-godis-och-snacks?q=%3AtopRated%3AcommercialName2%3AAnthon%2BBerg"><button class="sc-c5497fb8-0 ixPwWa sc-aaf8a53a-0 jeFPS" type="button"><p class="sc-aaf8a53a-1 iNbHdt"><span>Anthon Berg</span><span class="sc-aaf8a53a-2 beovgw">7</span></p></button></a><a class="sc-f1f2eb33-0 hzJRJT" href="/sortiment/glass-godis-och-snacks?q=%3AtopRated%3AcommercialName2%3AAnyday%2BNuts"><button class="sc-c5497fb8-0 ixPwWa sc-aaf8a53a-0 jeFPS" type="button"><p class="sc-aaf8a53a-1 iNbHdt"><span>Anyday Nuts</span><span class="sc-aaf8a53a-2 beovgw">1</span></p></button></a><a class="sc-f1f2eb33-0 hzJRJT" href="/sortiment/glass-godis-och-snacks?q=%3AtopRated%3AcommercialName2%3AApollo"><button class="sc-c5497fb8-0 ixPwWa sc-aaf8a53a-0 jeFPS" type="button"><p class="sc-aaf8a53a-1 iNbHdt"><span>Apollo</span><span class="sc-aaf8a53a-2 beovgw">1</span></p></button></a><a class="sc-f1f2eb33-0 hzJRJT" href="/sortiment/glass-godis-och-snacks?q=%3AtopRated%3AcommercialName2%3AAroma"><button class="sc-c5497fb8-0 ixPwWa sc-aaf8a53a-0 jeFPS" type="button"><p class="sc-aaf8a53a-1 iNbHdt"><span>Aroma</span><span class="sc-aaf8a53a-2 beovgw">6</span></p></button></a><a class="sc-f1f2eb33-0 hzJRJT" href="/sortiment/glass-godis-och-snacks?q=%3AtopRated%3AcommercialName2%3AAsba"><button class="sc-c5497fb8-0 ixPwWa sc-aaf8a53a-0 jeFPS" type="button"><p class="sc-aaf8a53a-1 iNbHdt"><span>Asba</span><span class="sc-aaf8a53a-2 beovgw">2</span></p></button></a><a class="sc-f1f2eb33-0 hzJRJT" href="/sortiment/glass-godis-och-snacks?q=%3AtopRated%3AcommercialName2%3ABassett%2527s"><button class="sc-c5497fb8-0 ixPwWa sc-aaf8a53a-0 jeFPS" type="button"><p class="sc-aaf8a53a-1 iNbHdt"><span>Bassett's</span><span class="sc-aaf8a53a-2 beovgw">1</span></p></button></a><a class="sc-f1f2eb33-0 hzJRJT" href="/sortiment/glass-godis-och-snacks?q=%3AtopRated%3AcommercialName2%3ABelgidor"><button class="sc-c5497fb8-0 ixPwWa sc-aaf8a53a-0 jeFPS" type="button"><p class="sc-aaf8a53a-1 iNbHdt"><span>Belgidor</span><span class="sc-aaf8a53a-2 beovgw">1</span></p></button></a><a class="sc-f1f2eb33-0 hzJRJT" href="/sortiment/glass-godis-och-snacks?q=%3AtopRated%3AcommercialName2%3ABen%2B%2526%2BJerry%2527s"><button class="sc-c5497fb8-0 ixPwWa sc-aaf8a53a-0 jeFPS" type="button"><p class="sc-aaf8a53a-1 iNbHdt"><span>Ben &amp; Jerry's</span><span class="sc-aaf8a53a-2 beovgw">16</span></p></button></a><a class="sc-f1f2eb33-0 hzJRJT" href="/sortiment/glass-godis-och-snacks?q=%3AtopRated%3AcommercialName2%3ABesana"><button class="sc-c5497fb8-0 ixPwWa sc-aaf8a53a-0 jeFPS" type="button"><p class="sc-aaf8a53a-1 iNbHdt"><span>Besana</span><span class="sc-aaf8a53a-2 beovgw">1</span></p></button></a><a class="sc-f1f2eb33-0 hzJRJT" href="/sortiment/glass-godis-och-snacks?q=%3AtopRated%3AcommercialName2%3ABj%25C3%25A4rechips"><button class="sc-c5497fb8-0 ixPwWa sc-aaf8a53a-0 jeFPS" type="button"><p class="sc-aaf8a53a-1 iNbHdt"><span>Bjärechips</span><span class="sc-aaf8a53a-2 beovgw">4</span></p></button></a><a class="sc-f1f2eb33-0 hzJRJT" href="/sortiment/glass-godis-och-snacks?q=%3AtopRated%3AcommercialName2%3ABlockhead"><button class="sc-c5497fb8-0 ixPwWa sc-aaf8a53a-0 jeFPS" type="button"><p class="sc-aaf8a53a-1 iNbHdt"><span>Blockhead</span><span class="sc-aaf8a53a-2 beovgw">3</span></p></button></a><a class="sc-f1f2eb33-0 hzJRJT" href="/sortiment/glass-godis-och-snacks?q=%3AtopRated%3AcommercialName2%3ABolero"><button class="sc-c5497fb8-0 ixPwWa sc-aaf8a53a-0 jeFPS" type="button"><p class="sc-aaf8a53a-1 iNbHdt"><span>Bolero</span><span class="sc-aaf8a53a-2 beovgw">1</span></p></button></a><a class="sc-f1f2eb33-0 hzJRJT" href="/sortiment/glass-godis-och-snacks?q=%3AtopRated%3AcommercialName2%3ABonnie%2BLee"><button class="sc-c5497fb8-0 ixPwWa sc-aaf8a53a-0 jeFPS" type="button"><p class="sc-aaf8a53a-1 iNbHdt"><span>Bonnie Lee</span><span class="sc-aaf8a53a-2 beovgw">1</span></p></button></a><a class="sc-f1f2eb33-0 hzJRJT" href="/sortiment/glass-godis-och-snacks?q=%3AtopRated%3AcommercialName2%3ABounty"><button class="sc-c5497fb8-0 ixPwWa sc-aaf8a53a-0 jeFPS" type="button"><p class="sc-aaf8a53a-1 iNbHdt"><span>Bounty</span><span class="sc-aaf8a53a-2 beovgw">1</span></p></button></a><a class="sc-f1f2eb33-0 hzJRJT" href="/sortiment/glass-godis-och-snacks?q=%3AtopRated%3AcommercialName2%3ABubs"><button class="sc-c5497fb8-0 ixPwWa sc-aaf8a53a-0 jeFPS" type="button"><p class="sc-aaf8a53a-1 iNbHdt"><span>Bubs</span><span class="sc-aaf8a53a-2 beovgw">6</span></p></button></a><a class="sc-f1f2eb33-0 hzJRJT" href="/sortiment/glass-godis-och-snacks?q=%3AtopRated%3AcommercialName2%3ACandy%2BPeople"><button class="sc-c5497fb8-0 ixPwWa sc-aaf8a53a-0 jeFPS" type="button"><p class="sc-aaf8a53a-1 iNbHdt"><span>Candy People</span><span class="sc-aaf8a53a-2 beovgw">10</span></p></button></a><a class="sc-f1f2eb33-0 hzJRJT" href="/sortiment/glass-godis-och-snacks?q=%3AtopRated%3AcommercialName2%3AChoice"><button class="sc-c5497fb8-0 ixPwWa sc-aaf8a53a-0 jeFPS" type="button"><p class="sc-aaf8a53a-1 iNbHdt"><span>Choice</span><span class="sc-aaf8a53a-2 beovgw">2</span></p></button></a><a class="sc-f1f2eb33-0 hzJRJT" href="/sortiment/glass-godis-och-snacks?q=%3AtopRated%3AcommercialName2%3ACloetta"><button class="sc-c5497fb8-0 ixPwWa sc-aaf8a53a-0 jeFPS" type="button"><p class="sc-aaf8a53a-1 iNbHdt"><span>Cloetta</span><span class="sc-aaf8a53a-2 beovgw">28</span></p></button></a><a class="sc-f1f2eb33-0 hzJRJT" href="/sortiment/glass-godis-och-snacks?q=%3AtopRated%3AcommercialName2%3ACote%2BD%2BOr"><button class="sc-c5497fb8-0 ixPwWa sc-aaf8a53a-0 jeFPS" type="button"><p class="sc-aaf8a53a-1 iNbHdt"><span>Cote D Or</span><span class="sc-aaf8a53a-2 beovgw">1</span></p></button></a><a class="sc-f1f2eb33-0 hzJRJT" href="/sortiment/glass-godis-och-snacks?q=%3AtopRated%3AcommercialName2%3ACrispy"><button class="sc-c5497fb8-0 ixPwWa sc-aaf8a53a-0 jeFPS" type="button"><p class="sc-aaf8a53a-1 iNbHdt"><span>Crispy</span><span class="sc-aaf8a53a-2 beovgw">1</span></p></button></a><a class="sc-f1f2eb33-0 hzJRJT" href="/sortiment/glass-godis-och-snacks?q=%3AtopRated%3AcommercialName2%3ADaim"><button class="sc-c5497fb8-0 ixPwWa sc-aaf8a53a-0 jeFPS" type="button"><p class="sc-aaf8a53a-1 iNbHdt"><span>Daim</span><span class="sc-aaf8a53a-2 beovgw">1</span></p></button></a><a class="sc-f1f2eb33-0 hzJRJT" href="/sortiment/glass-godis-och-snacks?q=%3AtopRated%3AcommercialName2%3ADave%2B%2526%2BJon%2527s"><button class="sc-c5497fb8-0 ixPwWa sc-aaf8a53a-0 jeFPS" type="button"><p class="sc-aaf8a53a-1 iNbHdt"><span>Dave &amp; Jon's</span><span class="sc-aaf8a53a-2 beovgw">3</span></p></button></a><a class="sc-f1f2eb33-0 hzJRJT" href="/sortiment/glass-godis-och-snacks?q=%3AtopRated%3AcommercialName2%3ADazzley"><button class="sc-c5497fb8-0 ixPwWa sc-aaf8a53a-0 jeFPS" type="button"><p class="sc-aaf8a53a-1 iNbHdt"><span>Dazzley</span><span class="sc-aaf8a53a-2 beovgw">25</span></p></button></a><a class="sc-f1f2eb33-0 hzJRJT" href="/sortiment/glass-godis-och-snacks?q=%3AtopRated%3AcommercialName2%3ADenlillen%25C3%25B6tt"><button class="sc-c5497fb8-0 ixPwWa sc-aaf8a53a-0 jeFPS" type="button"><p class="sc-aaf8a53a-1 iNbHdt"><span>Denlillenött</span><span class="sc-aaf8a53a-2 beovgw">2</span></p></button></a><a class="sc-f1f2eb33-0 hzJRJT" href="/sortiment/glass-godis-och-snacks?q=%3AtopRated%3AcommercialName2%3ADent"><button class="sc-c5497fb8-0 ixPwWa sc-aaf8a53a-0 jeFPS" type="button"><p class="sc-aaf8a53a-1 iNbHdt"><span>Dent</span><span class="sc-aaf8a53a-2 beovgw">6</span></p></button></a><a class="sc-f1f2eb33-0 hzJRJT" href="/sortiment/glass-godis-och-snacks?q=%3AtopRated%3AcommercialName2%3ADextro%2BEnergy"><button class="sc-c5497fb8-0 ixPwWa sc-aaf8a53a-0 jeFPS" type="button"><p class="sc-aaf8a53a-1 iNbHdt"><span>Dextro Energy</span><span class="sc-aaf8a53a-2 beovgw">6</span></p></button></a><a class="sc-f1f2eb33-0 hzJRJT" href="/sortiment/glass-godis-och-snacks?q=%3AtopRated%3AcommercialName2%3ADolci"><button class="sc-c5497fb8-0 ixPwWa sc-aaf8a53a-0 jeFPS" type="button"><p class="sc-aaf8a53a-1 iNbHdt"><span>Dolci</span><span class="sc-aaf8a53a-2 beovgw">1</span></p></button></a><a class="sc-f1f2eb33-0 hzJRJT" href="/sortiment/glass-godis-och-snacks?q=%3AtopRated%3AcommercialName2%3ADolis"><button class="sc-c5497fb8-0 ixPwWa sc-aaf8a53a-0 jeFPS" type="button"><p class="sc-aaf8a53a-1 iNbHdt"><span>Dolis</span><span class="sc-aaf8a53a-2 beovgw">1</span></p></button></a><a class="sc-f1f2eb33-0 hzJRJT" href="/sortiment/glass-godis-och-snacks?q=%3AtopRated%3AcommercialName2%3ADoritos"><button class="sc-c5497fb8-0 ixPwWa sc-aaf8a53a-0 jeFPS" type="button"><p class="sc-aaf8a53a-1 iNbHdt"><span>Doritos</span><span class="sc-aaf8a53a-2 beovgw">3</span></p></button></a><a class="sc-f1f2eb33-0 hzJRJT" href="/sortiment/glass-godis-och-snacks?q=%3AtopRated%3AcommercialName2%3ADr%2BOetker"><button class="sc-c5497fb8-0 ixPwWa sc-aaf8a53a-0 jeFPS" type="button"><p class="sc-aaf8a53a-1 iNbHdt"><span>Dr Oetker</span><span class="sc-aaf8a53a-2 beovgw">7</span></p></button></a><a class="sc-f1f2eb33-0 hzJRJT" href="/sortiment/glass-godis-och-snacks?q=%3AtopRated%3AcommercialName2%3AEldorado"><button class="sc-c5497fb8-0 ixPwWa sc-aaf8a53a-0 jeFPS" type="button"><p class="sc-aaf8a53a-1 iNbHdt"><span>Eldorado</span><span class="sc-aaf8a53a-2 beovgw">25</span></p></button></a><a class="sc-f1f2eb33-0 hzJRJT" href="/sortiment/glass-godis-och-snacks?q=%3AtopRated%3AcommercialName2%3AEstrella"><button class="sc-c5497fb8-0 ixPwWa sc-aaf8a53a-0 jeFPS" type="button"><p class="sc-aaf8a53a-1 iNbHdt"><span>Estrella</span><span class="sc-aaf8a53a-2 beovgw">49</span></p></button></a><a class="sc-f1f2eb33-0 hzJRJT" href="/sortiment/glass-godis-och-snacks?q=%3AtopRated%3AcommercialName2%3AExotic%2BSnacks"><button class="sc-c5497fb8-0 ixPwWa sc-aaf8a53a-0 jeFPS" type="button"><p class="sc-aaf8a53a-1 iNbHdt"><span>Exotic Snacks</span><span class="sc-aaf8a53a-2 beovgw">2</span></p></button></a><a class="sc-f1f2eb33-0 hzJRJT" href="/sortiment/glass-godis-och-snacks?q=%3AtopRated%3AcommercialName2%3AExtra%2BStarka"><button class="sc-c5497fb8-0 ixPwWa sc-aaf8a53a-0 jeFPS" type="button"><p class="sc-aaf8a53a-1 iNbHdt"><span>Extra Starka</span><span class="sc-aaf8a53a-2 beovgw">4</span></p></button></a><a class="sc-f1f2eb33-0 hzJRJT" href="/sortiment/glass-godis-och-snacks?q=%3AtopRated%3AcommercialName2%3AFazer"><button class="sc-c5497fb8-0 ixPwWa sc-aaf8a53a-0 jeFPS" type="button"><p class="sc-aaf8a53a-1 iNbHdt"><span>Fazer</span><span class="sc-aaf8a53a-2 beovgw">42</span></p></button></a><a class="sc-f1f2eb33-0 hzJRJT" href="/sortiment/glass-godis-och-snacks?q=%3AtopRated%3AcommercialName2%3AFerrero"><button class="sc-c5497fb8-0 ixPwWa sc-aaf8a53a-0 jeFPS" type="button"><p class="sc-aaf8a53a-1 iNbHdt"><span>Ferrero</span><span class="sc-aaf8a53a-2 beovgw">5</span></p></button></a><a class="sc-f1f2eb33-0 hzJRJT" href="/sortiment/glass-godis-och-snacks?q=%3AtopRated%3AcommercialName2%3AFisherman%2527s"><button class="sc-c5497fb8-0 ixPwWa sc-aaf8a53a-0 jeFPS" type="button"><p class="sc-aaf8a53a-1 iNbHdt"><span>Fisherman's</span><span class="sc-aaf8a53a-2 beovgw">16</span></p></button></a><a class="sc-f1f2eb33-0 hzJRJT" href="/sortiment/glass-godis-och-snacks?q=%3AtopRated%3AcommercialName2%3AFreshair"><button class="sc-c5497fb8-0 ixPwWa sc-aaf8a53a-0 jeFPS" type="button"><p class="sc-aaf8a53a-1 iNbHdt"><span>Freshair</span><span class="sc-aaf8a53a-2 beovgw">3</span></p></button></a><a class="sc-f1f2eb33-0 hzJRJT" href="/sortiment/glass-godis-och-snacks?q=%3AtopRated%3AcommercialName2%3AFunny%2BKidz"><button class="sc-c5497fb8-0 ixPwWa sc-aaf8a53a-0 jeFPS" type="button"><p class="sc-aaf8a53a-1 iNbHdt"><span>Funny Kidz</span><span class="sc-aaf8a53a-2 beovgw">1</span></p></button></a><a class="sc-f1f2eb33-0 hzJRJT" href="/sortiment/glass-godis-och-snacks?q=%3AtopRated%3AcommercialName2%3AGarant"><button class="sc-c5497fb8-0 ixPwWa sc-aaf8a53a-0 jeFPS" type="button"><p class="sc-aaf8a53a-1 iNbHdt"><span>Garant</span><span class="sc-aaf8a53a-2 beovgw">42</span></p></button></a><a class="sc-f1f2eb33-0 hzJRJT" href="/sortiment/glass-godis-och-snacks?q=%3AtopRated%3AcommercialName2%3AGarant%2BEko"><button class="sc-c5497fb8-0 ixPwWa sc-aaf8a53a-0 jeFPS" type="button"><p class="sc-aaf8a53a-1 iNbHdt"><span>Garant Eko</span><span class="sc-aaf8a53a-2 beovgw">9</span></p></button></a><a class="sc-f1f2eb33-0 hzJRJT" href="/sortiment/glass-godis-och-snacks?q=%3AtopRated%3AcommercialName2%3AGb%2BGlace"><button class="sc-c5497fb8-0 ixPwWa sc-aaf8a53a-0 jeFPS" type="button"><p class="sc-aaf8a53a-1 iNbHdt"><span>Gb Glace</span><span class="sc-aaf8a53a-2 beovgw">37</span></p></button></a><a class="sc-f1f2eb33-0 hzJRJT" href="/sortiment/glass-godis-och-snacks?q=%3AtopRated%3AcommercialName2%3AGreen%2BStar"><button class="sc-c5497fb8-0 ixPwWa sc-aaf8a53a-0 jeFPS" type="button"><p class="sc-aaf8a53a-1 iNbHdt"><span>Green Star</span><span class="sc-aaf8a53a-2 beovgw">3</span></p></button></a><a class="sc-f1f2eb33-0 hzJRJT" href="/sortiment/glass-godis-och-snacks?q=%3AtopRated%3AcommercialName2%3AGullon"><button class="sc-c5497fb8-0 ixPwWa sc-aaf8a53a-0 jeFPS" type="button"><p class="sc-aaf8a53a-1 iNbHdt"><span>Gullon</span><span class="sc-aaf8a53a-2 beovgw">1</span></p></button></a><a class="sc-f1f2eb33-0 hzJRJT" href="/sortiment/glass-godis-och-snacks?q=%3AtopRated%3AcommercialName2%3AG%25C3%25A5rdschips"><button class="sc-c5497fb8-0 ixPwWa sc-aaf8a53a-0 jeFPS" type="button"><p class="sc-aaf8a53a-1 iNbHdt"><span>Gårdschips</span><span class="sc-aaf8a53a-2 beovgw">8</span></p></button></a><a class="sc-f1f2eb33-0 hzJRJT" href="/sortiment/glass-godis-och-snacks?q=%3AtopRated%3AcommercialName2%3AHalva"><button class="sc-c5497fb8-0 ixPwWa sc-aaf8a53a-0 jeFPS" type="button"><p class="sc-aaf8a53a-1 iNbHdt"><span>Halva</span><span class="sc-aaf8a53a-2 beovgw">1</span></p></button></a><a class="sc-f1f2eb33-0 hzJRJT" href="/sortiment/glass-godis-och-snacks?q=%3AtopRated%3AcommercialName2%3AHaribo"><button class="sc-c5497fb8-0 ixPwWa sc-aaf8a53a-0 jeFPS" type="button"><p class="sc-aaf8a53a-1 iNbHdt"><span>Haribo</span><span class="sc-aaf8a53a-2 beovgw">10</span></p></button></a><a class="sc-f1f2eb33-0 hzJRJT" href="/sortiment/glass-godis-och-snacks?q=%3AtopRated%3AcommercialName2%3AHealthyco"><button class="sc-c5497fb8-0 ixPwWa sc-aaf8a53a-0 jeFPS" type="button"><p class="sc-aaf8a53a-1 iNbHdt"><span>Healthyco</span><span class="sc-aaf8a53a-2 beovgw">4</span></p></button></a><a class="sc-f1f2eb33-0 hzJRJT" href="/sortiment/glass-godis-och-snacks?q=%3AtopRated%3AcommercialName2%3AHersey%2527s"><button class="sc-c5497fb8-0 ixPwWa sc-aaf8a53a-0 jeFPS" type="button"><p class="sc-aaf8a53a-1 iNbHdt"><span>Hersey's</span><span class="sc-aaf8a53a-2 beovgw">1</span></p></button></a><a class="sc-f1f2eb33-0 hzJRJT" href="/sortiment/glass-godis-och-snacks?q=%3AtopRated%3AcommercialName2%3AHubba%2BBubba"><button class="sc-c5497fb8-0 ixPwWa sc-aaf8a53a-0 jeFPS" type="button"><p class="sc-aaf8a53a-1 iNbHdt"><span>Hubba Bubba</span><span class="sc-aaf8a53a-2 beovgw">3</span></p></button></a><a class="sc-f1f2eb33-0 hzJRJT" href="/sortiment/glass-godis-och-snacks?q=%3AtopRated%3AcommercialName2%3AHulten"><button class="sc-c5497fb8-0 ixPwWa sc-aaf8a53a-0 jeFPS" type="button"><p class="sc-aaf8a53a-1 iNbHdt"><span>Hulten</span><span class="sc-aaf8a53a-2 beovgw">3</span></p></button></a><a class="sc-f1f2eb33-0 hzJRJT" href="/sortiment/glass-godis-och-snacks?q=%3AtopRated%3AcommercialName2%3AH%25C3%25A4agen-dazs"><button class="sc-c5497fb8-0 ixPwWa sc-aaf8a53a-0 jeFPS" type="button"><p class="sc-aaf8a53a-1 iNbHdt"><span>Häagen-dazs</span><span class="sc-aaf8a53a-2 beovgw">7</span></p></button></a><a class="sc-f1f2eb33-0 hzJRJT" href="/sortiment/glass-godis-och-snacks?q=%3AtopRated%3AcommercialName2%3AKinder"><button class="sc-c5497fb8-0 ixPwWa sc-aaf8a53a-0 jeFPS" type="button"><p class="sc-aaf8a53a-1 iNbHdt"><span>Kinder</span><span class="sc-aaf8a53a-2 beovgw">7</span></p></button></a><a class="sc-f1f2eb33-0 hzJRJT" href="/sortiment/glass-godis-och-snacks?q=%3AtopRated%3AcommercialName2%3AKingis"><button class="sc-c5497fb8-0 ixPwWa sc-aaf8a53a-0 jeFPS" type="button"><p class="sc-aaf8a53a-1 iNbHdt"><span>Kingis</span><span class="sc-aaf8a53a-2 beovgw">1</span></p></button></a><a class="sc-f1f2eb33-0 hzJRJT" href="/sortiment/glass-godis-och-snacks?q=%3AtopRated%3AcommercialName2%3AKling%2BGlass"><button class="sc-c5497fb8-0 ixPwWa sc-aaf8a53a-0 jeFPS" type="button"><p class="sc-aaf8a53a-1 iNbHdt"><span>Kling Glass</span><span class="sc-aaf8a53a-2 beovgw">1</span></p></button></a><a class="sc-f1f2eb33-0 hzJRJT" href="/sortiment/glass-godis-och-snacks?q=%3AtopRated%3AcommercialName2%3AKonfekta"><button class="sc-c5497fb8-0 ixPwWa sc-aaf8a53a-0 jeFPS" type="button"><p class="sc-aaf8a53a-1 iNbHdt"><span>Konfekta</span><span class="sc-aaf8a53a-2 beovgw">5</span></p></button></a><a class="sc-f1f2eb33-0 hzJRJT" href="/sortiment/glass-godis-och-snacks?q=%3AtopRated%3AcommercialName2%3ALakrisal"><button class="sc-c5497fb8-0 ixPwWa sc-aaf8a53a-0 jeFPS" type="button"><p class="sc-aaf8a53a-1 iNbHdt"><span>Lakrisal</span><span class="sc-aaf8a53a-2 beovgw">1</span></p></button></a><a class="sc-f1f2eb33-0 hzJRJT" href="/sortiment/glass-godis-och-snacks?q=%3AtopRated%3AcommercialName2%3ALantchips"><button class="sc-c5497fb8-0 ixPwWa sc-aaf8a53a-0 jeFPS" type="button"><p class="sc-aaf8a53a-1 iNbHdt"><span>Lantchips</span><span class="sc-aaf8a53a-2 beovgw">3</span></p></button></a><a class="sc-f1f2eb33-0 hzJRJT" href="/sortiment/glass-godis-och-snacks?q=%3AtopRated%3AcommercialName2%3ALay%2527s"><button class="sc-c5497fb8-0 ixPwWa sc-aaf8a53a-0 jeFPS" type="button"><p class="sc-aaf8a53a-1 iNbHdt"><span>Lay's</span><span class="sc-aaf8a53a-2 beovgw">7</span></p></button></a><a class="sc-f1f2eb33-0 hzJRJT" href="/sortiment/glass-godis-och-snacks?q=%3AtopRated%3AcommercialName2%3ALindt"><button class="sc-c5497fb8-0 ixPwWa sc-aaf8a53a-0 jeFPS" type="button"><p class="sc-aaf8a53a-1 iNbHdt"><span>Lindt</span><span class="sc-aaf8a53a-2 beovgw">31</span></p></button></a><a class="sc-f1f2eb33-0 hzJRJT" href="/sortiment/glass-godis-och-snacks?q=%3AtopRated%3AcommercialName2%3ALohilo"><button class="sc-c5497fb8-0 ixPwWa sc-aaf8a53a-0 jeFPS" type="button"><p class="sc-aaf8a53a-1 iNbHdt"><span>Lohilo</span><span class="sc-aaf8a53a-2 beovgw">6</span></p></button></a><a class="sc-f1f2eb33-0 hzJRJT" href="/sortiment/glass-godis-och-snacks?q=%3AtopRated%3AcommercialName2%3AL%25C3%25A4kerol"><button class="sc-c5497fb8-0 ixPwWa sc-aaf8a53a-0 jeFPS" type="button"><p class="sc-aaf8a53a-1 iNbHdt"><span>Läkerol</span><span class="sc-aaf8a53a-2 beovgw">22</span></p></button></a><a class="sc-f1f2eb33-0 hzJRJT" href="/sortiment/glass-godis-och-snacks?q=%3AtopRated%3AcommercialName2%3AMagnum"><button class="sc-c5497fb8-0 ixPwWa sc-aaf8a53a-0 jeFPS" type="button"><p class="sc-aaf8a53a-1 iNbHdt"><span>Magnum</span><span class="sc-aaf8a53a-2 beovgw">15</span></p></button></a><a class="sc-f1f2eb33-0 hzJRJT" href="/sortiment/glass-godis-och-snacks?q=%3AtopRated%3AcommercialName2%3AMalaco"><button class="sc-c5497fb8-0 ixPwWa sc-aaf8a53a-0 jeFPS" type="button"><p class="sc-aaf8a53a-1 iNbHdt"><span>Malaco</span><span class="sc-aaf8a53a-2 beovgw">18</span></p></button></a><a class="sc-f1f2eb33-0 hzJRJT" href="/sortiment/glass-godis-och-snacks?q=%3AtopRated%3AcommercialName2%3AMaltesers"><button class="sc-c5497fb8-0 ixPwWa sc-aaf8a53a-0 jeFPS" type="button"><p class="sc-aaf8a53a-1 iNbHdt"><span>Maltesers</span><span class="sc-aaf8a53a-2 beovgw">1</span></p></button></a><a class="sc-f1f2eb33-0 hzJRJT" href="/sortiment/glass-godis-och-snacks?q=%3AtopRated%3AcommercialName2%3AMamba"><button class="sc-c5497fb8-0 ixPwWa sc-aaf8a53a-0 jeFPS" type="button"><p class="sc-aaf8a53a-1 iNbHdt"><span>Mamba</span><span class="sc-aaf8a53a-2 beovgw">1</span></p></button></a><a class="sc-f1f2eb33-0 hzJRJT" href="/sortiment/glass-godis-och-snacks?q=%3AtopRated%3AcommercialName2%3AMarabou"><button class="sc-c5497fb8-0 ixPwWa sc-aaf8a53a-0 jeFPS" type="button"><p class="sc-aaf8a53a-1 iNbHdt"><span>Marabou</span><span class="sc-aaf8a53a-2 beovgw">72</span></p></button></a><a class="sc-f1f2eb33-0 hzJRJT" href="/sortiment/glass-godis-och-snacks?q=%3AtopRated%3AcommercialName2%3AMars"><button class="sc-c5497fb8-0 ixPwWa sc-aaf8a53a-0 jeFPS" type="button"><p class="sc-aaf8a53a-1 iNbHdt"><span>Mars</span><span class="sc-aaf8a53a-2 beovgw">4</span></p></button></a><a class="sc-f1f2eb33-0 hzJRJT" href="/sortiment/glass-godis-och-snacks?q=%3AtopRated%3AcommercialName2%3AMatric"><button class="sc-c5497fb8-0 ixPwWa sc-aaf8a53a-0 jeFPS" type="button"><p class="sc-aaf8a53a-1 iNbHdt"><span>Matric</span><span class="sc-aaf8a53a-2 beovgw">2</span></p></button></a><a class="sc-f1f2eb33-0 hzJRJT" href="/sortiment/glass-godis-och-snacks?q=%3AtopRated%3AcommercialName2%3AMentos"><button class="sc-c5497fb8-0 ixPwWa sc-aaf8a53a-0 jeFPS" type="button"><p class="sc-aaf8a53a-1 iNbHdt"><span>Mentos</span><span class="sc-aaf8a53a-2 beovgw">7</span></p></button></a><a class="sc-f1f2eb33-0 hzJRJT" href="/sortiment/glass-godis-och-snacks?q=%3AtopRated%3AcommercialName2%3AMerci"><button class="sc-c5497fb8-0 ixPwWa sc-aaf8a53a-0 jeFPS" type="button"><p class="sc-aaf8a53a-1 iNbHdt"><span>Merci</span><span class="sc-aaf8a53a-2 beovgw">2</span></p></button></a><a class="sc-f1f2eb33-0 hzJRJT" href="/sortiment/glass-godis-och-snacks?q=%3AtopRated%3AcommercialName2%3AMilky%2BWay"><button class="sc-c5497fb8-0 ixPwWa sc-aaf8a53a-0 jeFPS" type="button"><p class="sc-aaf8a53a-1 iNbHdt"><span>Milky Way</span><span class="sc-aaf8a53a-2 beovgw">1</span></p></button></a><a class="sc-f1f2eb33-0 hzJRJT" href="/sortiment/glass-godis-och-snacks?q=%3AtopRated%3AcommercialName2%3AMr%2BIceman"><button class="sc-c5497fb8-0 ixPwWa sc-aaf8a53a-0 jeFPS" type="button"><p class="sc-aaf8a53a-1 iNbHdt"><span>Mr Iceman</span><span class="sc-aaf8a53a-2 beovgw">1</span></p></button></a><a class="sc-f1f2eb33-0 hzJRJT" href="/sortiment/glass-godis-och-snacks?q=%3AtopRated%3AcommercialName2%3ANasib"><button class="sc-c5497fb8-0 ixPwWa sc-aaf8a53a-0 jeFPS" type="button"><p class="sc-aaf8a53a-1 iNbHdt"><span>Nasib</span><span class="sc-aaf8a53a-2 beovgw">3</span></p></button></a><a class="sc-f1f2eb33-0 hzJRJT" href="/sortiment/glass-godis-och-snacks?q=%3AtopRated%3AcommercialName2%3ANestle"><button class="sc-c5497fb8-0 ixPwWa sc-aaf8a53a-0 jeFPS" type="button"><p class="sc-aaf8a53a-1 iNbHdt"><span>Nestle</span><span class="sc-aaf8a53a-2 beovgw">1</span></p></button></a><a class="sc-f1f2eb33-0 hzJRJT" href="/sortiment/glass-godis-och-snacks?q=%3AtopRated%3AcommercialName2%3ANestl%25C3%25A9"><button class="sc-c5497fb8-0 ixPwWa sc-aaf8a53a-0 jeFPS" type="button"><p class="sc-aaf8a53a-1 iNbHdt"><span>Nestlé</span><span class="sc-aaf8a53a-2 beovgw">14</span></p></button></a><a class="sc-f1f2eb33-0 hzJRJT" href="/sortiment/glass-godis-och-snacks?q=%3AtopRated%3AcommercialName2%3ANicks"><button class="sc-c5497fb8-0 ixPwWa sc-aaf8a53a-0 jeFPS" type="button"><p class="sc-aaf8a53a-1 iNbHdt"><span>Nicks</span><span class="sc-aaf8a53a-2 beovgw">3</span></p></button></a><a class="sc-f1f2eb33-0 hzJRJT" href="/sortiment/glass-godis-och-snacks?q=%3AtopRated%3AcommercialName2%3ANick%25C2%25B4s"><button class="sc-c5497fb8-0 ixPwWa sc-aaf8a53a-0 jeFPS" type="button"><p class="sc-aaf8a53a-1 iNbHdt"><span>Nick´s</span><span class="sc-aaf8a53a-2 beovgw">11</span></p></button></a><a class="sc-f1f2eb33-0 hzJRJT" href="/sortiment/glass-godis-och-snacks?q=%3AtopRated%3AcommercialName2%3ANutella"><button class="sc-c5497fb8-0 ixPwWa sc-aaf8a53a-0 jeFPS" type="button"><p class="sc-aaf8a53a-1 iNbHdt"><span>Nutella</span><span class="sc-aaf8a53a-2 beovgw">1</span></p></button></a><a class="sc-f1f2eb33-0 hzJRJT" href="/sortiment/glass-godis-och-snacks?q=%3AtopRated%3AcommercialName2%3ANutisal"><button class="sc-c5497fb8-0 ixPwWa sc-aaf8a53a-0 jeFPS" type="button"><p class="sc-aaf8a53a-1 iNbHdt"><span>Nutisal</span><span class="sc-aaf8a53a-2 beovgw">4</span></p></button></a><a class="sc-f1f2eb33-0 hzJRJT" href="/sortiment/glass-godis-och-snacks?q=%3AtopRated%3AcommercialName2%3AN%25C3%25B8ttefabrikken"><button class="sc-c5497fb8-0 ixPwWa sc-aaf8a53a-0 jeFPS" type="button"><p class="sc-aaf8a53a-1 iNbHdt"><span>Nøttefabrikken</span><span class="sc-aaf8a53a-2 beovgw">6</span></p></button></a><a class="sc-f1f2eb33-0 hzJRJT" href="/sortiment/glass-godis-och-snacks?q=%3AtopRated%3AcommercialName2%3AO%255Czon"><button class="sc-c5497fb8-0 ixPwWa sc-aaf8a53a-0 jeFPS" type="button"><p class="sc-aaf8a53a-1 iNbHdt"><span>O\zon</span><span class="sc-aaf8a53a-2 beovgw">1</span></p></button></a><a class="sc-f1f2eb33-0 hzJRJT" href="/sortiment/glass-godis-och-snacks?q=%3AtopRated%3AcommercialName2%3AOatly"><button class="sc-c5497fb8-0 ixPwWa sc-aaf8a53a-0 jeFPS" type="button"><p class="sc-aaf8a53a-1 iNbHdt"><span>Oatly</span><span class="sc-aaf8a53a-2 beovgw">3</span></p></button></a><a class="sc-f1f2eb33-0 hzJRJT" href="/sortiment/glass-godis-och-snacks?q=%3AtopRated%3AcommercialName2%3AOdense"><button class="sc-c5497fb8-0 ixPwWa sc-aaf8a53a-0 jeFPS" type="button"><p class="sc-aaf8a53a-1 iNbHdt"><span>Odense</span><span class="sc-aaf8a53a-2 beovgw">4</span></p></button></a><a class="sc-f1f2eb33-0 hzJRJT" href="/sortiment/glass-godis-och-snacks?q=%3AtopRated%3AcommercialName2%3AOlw"><button class="sc-c5497fb8-0 ixPwWa sc-aaf8a53a-0 jeFPS" type="button"><p class="sc-aaf8a53a-1 iNbHdt"><span>Olw</span><span class="sc-aaf8a53a-2 beovgw">49</span></p></button></a><a class="sc-f1f2eb33-0 hzJRJT" href="/sortiment/glass-godis-och-snacks?q=%3AtopRated%3AcommercialName2%3AOmega"><button class="sc-c5497fb8-0 ixPwWa sc-aaf8a53a-0 jeFPS" type="button"><p class="sc-aaf8a53a-1 iNbHdt"><span>Omega</span><span class="sc-aaf8a53a-2 beovgw">1</span></p></button></a><a class="sc-f1f2eb33-0 hzJRJT" href="/sortiment/glass-godis-och-snacks?q=%3AtopRated%3AcommercialName2%3APanda"><button class="sc-c5497fb8-0 ixPwWa sc-aaf8a53a-0 jeFPS" type="button"><p class="sc-aaf8a53a-1 iNbHdt"><span>Panda</span><span class="sc-aaf8a53a-2 beovgw">1</span></p></button></a><a class="sc-f1f2eb33-0 hzJRJT" href="/sortiment/glass-godis-och-snacks?q=%3AtopRated%3AcommercialName2%3APapadopoulos"><button class="sc-c5497fb8-0 ixPwWa sc-aaf8a53a-0 jeFPS" type="button"><p class="sc-aaf8a53a-1 iNbHdt"><span>Papadopoulos</span><span class="sc-aaf8a53a-2 beovgw">1</span></p></button></a><a class="sc-f1f2eb33-0 hzJRJT" href="/sortiment/glass-godis-och-snacks?q=%3AtopRated%3AcommercialName2%3APez"><button class="sc-c5497fb8-0 ixPwWa sc-aaf8a53a-0 jeFPS" type="button"><p class="sc-aaf8a53a-1 iNbHdt"><span>Pez</span><span class="sc-aaf8a53a-2 beovgw">2</span></p></button></a><a class="sc-f1f2eb33-0 hzJRJT" href="/sortiment/glass-godis-och-snacks?q=%3AtopRated%3AcommercialName2%3APringles"><button class="sc-c5497fb8-0 ixPwWa sc-aaf8a53a-0 jeFPS" type="button"><p class="sc-aaf8a53a-1 iNbHdt"><span>Pringles</span><span class="sc-aaf8a53a-2 beovgw">4</span></p></button></a><a class="sc-f1f2eb33-0 hzJRJT" href="/sortiment/glass-godis-och-snacks?q=%3AtopRated%3AcommercialName2%3APrintzells"><button class="sc-c5497fb8-0 ixPwWa sc-aaf8a53a-0 jeFPS" type="button"><p class="sc-aaf8a53a-1 iNbHdt"><span>Printzells</span><span class="sc-aaf8a53a-2 beovgw">1</span></p></button></a><a class="sc-f1f2eb33-0 hzJRJT" href="/sortiment/glass-godis-och-snacks?q=%3AtopRated%3AcommercialName2%3ARaffolait"><button class="sc-c5497fb8-0 ixPwWa sc-aaf8a53a-0 jeFPS" type="button"><p class="sc-aaf8a53a-1 iNbHdt"><span>Raffolait</span><span class="sc-aaf8a53a-2 beovgw">1</span></p></button></a><a class="sc-f1f2eb33-0 hzJRJT" href="/sortiment/glass-godis-och-snacks?q=%3AtopRated%3AcommercialName2%3AReeses"><button class="sc-c5497fb8-0 ixPwWa sc-aaf8a53a-0 jeFPS" type="button"><p class="sc-aaf8a53a-1 iNbHdt"><span>Reeses</span><span class="sc-aaf8a53a-2 beovgw">1</span></p></button></a><a class="sc-f1f2eb33-0 hzJRJT" href="/sortiment/glass-godis-och-snacks?q=%3AtopRated%3AcommercialName2%3ARiesen"><button class="sc-c5497fb8-0 ixPwWa sc-aaf8a53a-0 jeFPS" type="button"><p class="sc-aaf8a53a-1 iNbHdt"><span>Riesen</span><span class="sc-aaf8a53a-2 beovgw">1</span></p></button></a><a class="sc-f1f2eb33-0 hzJRJT" href="/sortiment/glass-godis-och-snacks?q=%3AtopRated%3AcommercialName2%3ARitter%2BSport"><button class="sc-c5497fb8-0 ixPwWa sc-aaf8a53a-0 jeFPS" type="button"><p class="sc-aaf8a53a-1 iNbHdt"><span>Ritter Sport</span><span class="sc-aaf8a53a-2 beovgw">12</span></p></button></a><a class="sc-f1f2eb33-0 hzJRJT" href="/sortiment/glass-godis-och-snacks?q=%3AtopRated%3AcommercialName2%3ASanta%2BMaria"><button class="sc-c5497fb8-0 ixPwWa sc-aaf8a53a-0 jeFPS" type="button"><p class="sc-aaf8a53a-1 iNbHdt"><span>Santa Maria</span><span class="sc-aaf8a53a-2 beovgw">3</span></p></button></a><a class="sc-f1f2eb33-0 hzJRJT" href="/sortiment/glass-godis-och-snacks?q=%3AtopRated%3AcommercialName2%3ASia%2BGlass"><button class="sc-c5497fb8-0 ixPwWa sc-aaf8a53a-0 jeFPS" type="button"><p class="sc-aaf8a53a-1 iNbHdt"><span>Sia Glass</span><span class="sc-aaf8a53a-2 beovgw">26</span></p></button></a><a class="sc-f1f2eb33-0 hzJRJT" href="/sortiment/glass-godis-och-snacks?q=%3AtopRated%3AcommercialName2%3ASk%25C3%25A6lsk%25C3%25B8r"><button class="sc-c5497fb8-0 ixPwWa sc-aaf8a53a-0 jeFPS" type="button"><p class="sc-aaf8a53a-1 iNbHdt"><span>Skælskør</span><span class="sc-aaf8a53a-2 beovgw">1</span></p></button></a><a class="sc-f1f2eb33-0 hzJRJT" href="/sortiment/glass-godis-och-snacks?q=%3AtopRated%3AcommercialName2%3ASmiling"><button class="sc-c5497fb8-0 ixPwWa sc-aaf8a53a-0 jeFPS" type="button"><p class="sc-aaf8a53a-1 iNbHdt"><span>Smiling</span><span class="sc-aaf8a53a-2 beovgw">1</span></p></button></a><a class="sc-f1f2eb33-0 hzJRJT" href="/sortiment/glass-godis-och-snacks?q=%3AtopRated%3AcommercialName2%3ASnickers"><button class="sc-c5497fb8-0 ixPwWa sc-aaf8a53a-0 jeFPS" type="button"><p class="sc-aaf8a53a-1 iNbHdt"><span>Snickers</span><span class="sc-aaf8a53a-2 beovgw">6</span></p></button></a><a class="sc-f1f2eb33-0 hzJRJT" href="/sortiment/glass-godis-och-snacks?q=%3AtopRated%3AcommercialName2%3ASolero"><button class="sc-c5497fb8-0 ixPwWa sc-aaf8a53a-0 jeFPS" type="button"><p class="sc-aaf8a53a-1 iNbHdt"><span>Solero</span><span class="sc-aaf8a53a-2 beovgw">1</span></p></button></a><a class="sc-f1f2eb33-0 hzJRJT" href="/sortiment/glass-godis-och-snacks?q=%3AtopRated%3AcommercialName2%3ASt%2BMichael"><button class="sc-c5497fb8-0 ixPwWa sc-aaf8a53a-0 jeFPS" type="button"><p class="sc-aaf8a53a-1 iNbHdt"><span>St Michael</span><span class="sc-aaf8a53a-2 beovgw">1</span></p></button></a><a class="sc-f1f2eb33-0 hzJRJT" href="/sortiment/glass-godis-och-snacks?q=%3AtopRated%3AcommercialName2%3AStimorol"><button class="sc-c5497fb8-0 ixPwWa sc-aaf8a53a-0 jeFPS" type="button"><p class="sc-aaf8a53a-1 iNbHdt"><span>Stimorol</span><span class="sc-aaf8a53a-2 beovgw">10</span></p></button></a><a class="sc-f1f2eb33-0 hzJRJT" href="/sortiment/glass-godis-och-snacks?q=%3AtopRated%3AcommercialName2%3AStorck"><button class="sc-c5497fb8-0 ixPwWa sc-aaf8a53a-0 jeFPS" type="button"><p class="sc-aaf8a53a-1 iNbHdt"><span>Storck</span><span class="sc-aaf8a53a-2 beovgw">1</span></p></button></a><a class="sc-f1f2eb33-0 hzJRJT" href="/sortiment/glass-godis-och-snacks?q=%3AtopRated%3AcommercialName2%3ASwizzels"><button class="sc-c5497fb8-0 ixPwWa sc-aaf8a53a-0 jeFPS" type="button"><p class="sc-aaf8a53a-1 iNbHdt"><span>Swizzels</span><span class="sc-aaf8a53a-2 beovgw">2</span></p></button></a><a class="sc-f1f2eb33-0 hzJRJT" href="/sortiment/glass-godis-och-snacks?q=%3AtopRated%3AcommercialName2%3ATellus"><button class="sc-c5497fb8-0 ixPwWa sc-aaf8a53a-0 jeFPS" type="button"><p class="sc-aaf8a53a-1 iNbHdt"><span>Tellus</span><span class="sc-aaf8a53a-2 beovgw">1</span></p></button></a><a class="sc-f1f2eb33-0 hzJRJT" href="/sortiment/glass-godis-och-snacks?q=%3AtopRated%3AcommercialName2%3AToffifee"><button class="sc-c5497fb8-0 ixPwWa sc-aaf8a53a-0 jeFPS" type="button"><p class="sc-aaf8a53a-1 iNbHdt"><span>Toffifee</span><span class="sc-aaf8a53a-2 beovgw">2</span></p></button></a><a class="sc-f1f2eb33-0 hzJRJT" href="/sortiment/glass-godis-och-snacks?q=%3AtopRated%3AcommercialName2%3AToms"><button class="sc-c5497fb8-0 ixPwWa sc-aaf8a53a-0 jeFPS" type="button"><p class="sc-aaf8a53a-1 iNbHdt"><span>Toms</span><span class="sc-aaf8a53a-2 beovgw">17</span></p></button></a><a class="sc-f1f2eb33-0 hzJRJT" href="/sortiment/glass-godis-och-snacks?q=%3AtopRated%3AcommercialName2%3ATony%25C2%25B4s"><button class="sc-c5497fb8-0 ixPwWa sc-aaf8a53a-0 jeFPS" type="button"><p class="sc-aaf8a53a-1 iNbHdt"><span>Tony´s</span><span class="sc-aaf8a53a-2 beovgw">4</span></p></button></a><a class="sc-f1f2eb33-0 hzJRJT" href="/sortiment/glass-godis-och-snacks?q=%3AtopRated%3AcommercialName2%3ATriumf%2BGlass"><button class="sc-c5497fb8-0 ixPwWa sc-aaf8a53a-0 jeFPS" type="button"><p class="sc-aaf8a53a-1 iNbHdt"><span>Triumf Glass</span><span class="sc-aaf8a53a-2 beovgw">34</span></p></button></a><a class="sc-f1f2eb33-0 hzJRJT" href="/sortiment/glass-godis-och-snacks?q=%3AtopRated%3AcommercialName2%3ATrolli"><button class="sc-c5497fb8-0 ixPwWa sc-aaf8a53a-0 jeFPS" type="button"><p class="sc-aaf8a53a-1 iNbHdt"><span>Trolli</span><span class="sc-aaf8a53a-2 beovgw">1</span></p></button></a><a class="sc-f1f2eb33-0 hzJRJT" href="/sortiment/glass-godis-och-snacks?q=%3AtopRated%3AcommercialName2%3ATrue%2BGum"><button class="sc-c5497fb8-0 ixPwWa sc-aaf8a53a-0 jeFPS" type="button"><p class="sc-aaf8a53a-1 iNbHdt"><span>True Gum</span><span class="sc-aaf8a53a-2 beovgw">4</span></p></button></a><a class="sc-f1f2eb33-0 hzJRJT" href="/sortiment/glass-godis-och-snacks?q=%3AtopRated%3AcommercialName2%3ATweek"><button class="sc-c5497fb8-0 ixPwWa sc-aaf8a53a-0 jeFPS" type="button"><p class="sc-aaf8a53a-1 iNbHdt"><span>Tweek</span><span class="sc-aaf8a53a-2 beovgw">1</span></p></button></a><a class="sc-f1f2eb33-0 hzJRJT" href="/sortiment/glass-godis-och-snacks?q=%3AtopRated%3AcommercialName2%3ATwix"><button class="sc-c5497fb8-0 ixPwWa sc-aaf8a53a-0 jeFPS" type="button"><p class="sc-aaf8a53a-1 iNbHdt"><span>Twix</span><span class="sc-aaf8a53a-2 beovgw">5</span></p></button></a><a class="sc-f1f2eb33-0 hzJRJT" href="/sortiment/glass-godis-och-snacks?q=%3AtopRated%3AcommercialName2%3AV6"><button class="sc-c5497fb8-0 ixPwWa sc-aaf8a53a-0 jeFPS" type="button"><p class="sc-aaf8a53a-1 iNbHdt"><span>V6</span><span class="sc-aaf8a53a-2 beovgw">6</span></p></button></a><a class="sc-f1f2eb33-0 hzJRJT" href="/sortiment/glass-godis-och-snacks?q=%3AtopRated%3AcommercialName2%3AVicks"><button class="sc-c5497fb8-0 ixPwWa sc-aaf8a53a-0 jeFPS" type="button"><p class="sc-aaf8a53a-1 iNbHdt"><span>Vicks</span><span class="sc-aaf8a53a-2 beovgw">7</span></p></button></a><a class="sc-f1f2eb33-0 hzJRJT" href="/sortiment/glass-godis-och-snacks?q=%3AtopRated%3AcommercialName2%3AV%25C3%25A5ffelbagaren"><button class="sc-c5497fb8-0 ixPwWa sc-aaf8a53a-0 jeFPS" type="button"><p class="sc-aaf8a53a-1 iNbHdt"><span>Våffelbagaren</span><span class="sc-aaf8a53a-2 beovgw">2</span></p></button></a><a class="sc-f1f2eb33-0 hzJRJT" href="/sortiment/glass-godis-och-snacks?q=%3AtopRated%3AcommercialName2%3AWellibites"><button class="sc-c5497fb8-0 ixPwWa sc-aaf8a53a-0 jeFPS" type="button"><p class="sc-aaf8a53a-1 iNbHdt"><span>Wellibites</span><span class="sc-aaf8a53a-2 beovgw">2</span></p></button></a><a class="sc-f1f2eb33-0 hzJRJT" href="/sortiment/glass-godis-och-snacks?q=%3AtopRated%3AcommercialName2%3AWerther%2527s"><button class="sc-c5497fb8-0 ixPwWa sc-aaf8a53a-0 jeFPS" type="button"><p class="sc-aaf8a53a-1 iNbHdt"><span>Werther's</span><span class="sc-aaf8a53a-2 beovgw">5</span></p></button></a><a class="sc-f1f2eb33-0 hzJRJT" href="/sortiment/glass-godis-och-snacks?q=%3AtopRated%3AcommercialName2%3AWrigley%2527s"><button class="sc-c5497fb8-0 ixPwWa sc-aaf8a53a-0 jeFPS" type="button"><p class="sc-aaf8a53a-1 iNbHdt"><span>Wrigley's</span><span class="sc-aaf8a53a-2 beovgw">14</span></p></button></a><a class="sc-f1f2eb33-0 hzJRJT" href="/sortiment/glass-godis-och-snacks?q=%3AtopRated%3AcommercialName2%3AXylitlife"><button class="sc-c5497fb8-0 ixPwWa sc-aaf8a53a-0 jeFPS" type="button"><p class="sc-aaf8a53a-1 iNbHdt"><span>Xylitlife</span><span class="sc-aaf8a53a-2 beovgw">2</span></p></button></a><a class="sc-f1f2eb33-0 hzJRJT" href="/sortiment/glass-godis-och-snacks?q=%3AtopRated%3AcommercialName2%3AZaini"><button class="sc-c5497fb8-0 ixPwWa sc-aaf8a53a-0 jeFPS" type="button"><p class="sc-aaf8a53a-1 iNbHdt"><span>Zaini</span><span class="sc-aaf8a53a-2 beovgw">1</span></p></button></a><a class="sc-f1f2eb33-0 hzJRJT" href="/sortiment/glass-godis-och-snacks?q=%3AtopRated%3AcommercialName2%3AZinq"><button class="sc-c5497fb8-0 ixPwWa sc-aaf8a53a-0 jeFPS" type="button"><p class="sc-aaf8a53a-1 iNbHdt"><span>Zinq</span><span class="sc-aaf8a53a-2 beovgw">3</span></p></button></a></div></div><div class="sc-8172f69c-0 dRUfpx"><span class="sc-8172f69c-1 btFjkk">Sortiment</span><span data-testid="icon" class="sc-aa256264-1 bFmDBX" style="color:#181818"><svg xmlns="http://www.w3.org/2000/svg" width="12" height="12" viewBox="0 0 12 12"><path fill="currentColor" d="M6 0a.75.75 0 0 1 .75.75v4.5h4.5a.75.75 0 0 1 0 1.5h-4.5v4.5a.75.75 0 0 1-1.5 0v-4.5H.75a.75.75 0 0 1 0-1.5h4.5V.75A.75.75 0 0 1 6 0z"></path></svg></span></div><div class="sc-8172f69c-2 fJGxBt"><div class="sc-8172f69c-3 kUyhsP"><a class="sc-f1f2eb33-0 hzJRJT" href="/sortiment/glass-godis-och-snacks?q=%3AtopRated%3Acategory%3AN1103"><button class="sc-c5497fb8-0 ixPwWa sc-aaf8a53a-0 jeFPS" type="button"><p class="sc-aaf8a53a-1 iNbHdt"><span>Chips, snacks &amp; dip</span><span class="sc-aaf8a53a-2 beovgw">192</span></p></button></a><a class="sc-f1f2eb33-0 hzJRJT" href="/sortiment/glass-godis-och-snacks?q=%3AtopRated%3Acategory%3AN1102"><button class="sc-c5497fb8-0 ixPwWa sc-aaf8a53a-0 jeFPS" type="button"><p class="sc-aaf8a53a-1 iNbHdt"><span>Choklad</span><span class="sc-aaf8a53a-2 beovgw">219</span></p></button></a><a class="sc-f1f2eb33-0 hzJRJT" href="/sortiment/glass-godis-och-snacks?q=%3AtopRated%3Acategory%3AN0715"><button class="sc-c5497fb8-0 ixPwWa sc-aaf8a53a-0 jeFPS" type="button"><p class="sc-aaf8a53a-1 iNbHdt"><span>Desserter &amp; glasstillbehör</span><span class="sc-aaf8a53a-2 beovgw">23</span></p></button></a><a class="sc-f1f2eb33-0 hzJRJT" href="/sortiment/glass-godis-och-snacks?q=%3AtopRated%3Acategory%3AN0811"><button class="sc-c5497fb8-0 ixPwWa sc-aaf8a53a-0 jeFPS" type="button"><p class="sc-aaf8a53a-1 iNbHdt"><span>Glass</span><span class="sc-aaf8a53a-2 beovgw">192</span></p></button></a><a class="sc-f1f2eb33-0 hzJRJT" href="/sortiment/glass-godis-och-snacks?q=%3AtopRated%3Acategory%3AN1105"><button class="sc-c5497fb8-0 ixPwWa sc-aaf8a53a-0 jeFPS" type="button"><p class="sc-aaf8a53a-1 iNbHdt"><span>Glass &amp; tillbehör</span><span class="sc-aaf8a53a-2 beovgw">215</span></p></button></a><a class="sc-f1f2eb33-0 hzJRJT" href="/sortiment/glass-godis-och-snacks?q=%3AtopRated%3Acategory%3AN1101"><button class="sc-c5497fb8-0 ixPwWa sc-aaf8a53a-0 jeFPS" type="button"><p class="sc-aaf8a53a-1 iNbHdt"><span>Godis</span><span class="sc-aaf8a53a-2 beovgw">147</span></p></button></a><a class="sc-f1f2eb33-0 hzJRJT" href="/sortiment/glass-godis-och-snacks?q=%3AtopRated%3Acategory%3AN1107"><button class="sc-c5497fb8-0 ixPwWa sc-aaf8a53a-0 jeFPS" type="button"><p class="sc-aaf8a53a-1 iNbHdt"><span>Halstabletter</span><span class="sc-aaf8a53a-2 beovgw">66</span></p></button></a><a class="sc-f1f2eb33-0 hzJRJT" href="/sortiment/glass-godis-och-snacks?q=%3AtopRated%3Acategory%3AN1104"><button class="sc-c5497fb8-0 ixPwWa sc-aaf8a53a-0 jeFPS" type="button"><p class="sc-aaf8a53a-1 iNbHdt"><span>Nyttiga snacks</span><span class="sc-aaf8a53a-2 beovgw">27</span></p></button></a><a class="sc-f1f2eb33-0 hzJRJT" href="/sortiment/glass-godis-och-snacks?q=%3AtopRated%3Acategory%3AN1108"><button class="sc-c5497fb8-0 ixPwWa sc-aaf8a53a-0 jeFPS" type="button"><p class="sc-aaf8a53a-1 iNbHdt"><span>Presentförpackningar</span><span class="sc-aaf8a53a-2 beovgw">38</span></p></button></a><a class="sc-f1f2eb33-0 hzJRJT" href="/sortiment/glass-godis-och-snacks?q=%3AtopRated%3Acategory%3AN1106"><button class="sc-c5497fb8-0 ixPwWa sc-aaf8a53a-0 jeFPS" type="button"><p class="sc-aaf8a53a-1 iNbHdt"><span>Tuggummi</span><span class="sc-aaf8a53a-2 beovgw">49</span></p></button></a></div></div><div class="sc-8172f69c-0 dRUfpx"><span class="sc-8172f69c-1 btFjkk">Märkningar</span><span data-testid="icon" class="sc-aa256264-1 bFmDBX" style="color:#181818"><svg xmlns="http://www.w3.org/2000/svg" width="12" height="12" viewBox="0 0 12 12"><path fill="currentColor" d="M6 0a.75.75 0 0 1 .75.75v4.5h4.5a.75.75 0 0 1 0 1.5h-4.5v4.5a.75.75 0 0 1-1.5 0v-4.5H.75a.75.75 0 0 1 0-1.5h4.5V.75A.75.75 0 0 1 6 0z"></path></svg></span></div><div class="sc-8172f69c-2 fJGxBt"><div class="sc-8172f69c-3 kUyhsP"><a class="sc-f1f2eb33-0 hzJRJT" href="/sortiment/glass-godis-och-snacks?q=%3AtopRated%3AproductLabelTypes%3AECOLOGICAL"><button class="sc-c5497fb8-0 ixPwWa sc-aaf8a53a-0 jeFPS" type="button"><p class="sc-aaf8a53a-1 iNbHdt"><span>Ekologisk</span><span class="sc-aaf8a53a-2 beovgw">14</span></p></button></a><a class="sc-f1f2eb33-0 hzJRJT" href="/sortiment/glass-godis-och-snacks?q=%3AtopRated%3AproductLabelTypes%3AENVIRONMENTAL_FACET"><button class="sc-c5497fb8-0 ixPwWa sc-aaf8a53a-0 jeFPS" type="button"><p class="sc-aaf8a53a-1 iNbHdt"><span>Miljömärkt</span><span class="sc-aaf8a53a-2 beovgw">42</span></p></button></a><a class="sc-f1f2eb33-0 hzJRJT" href="/sortiment/glass-godis-och-snacks?q=%3AtopRated%3AproductLabelTypes%3AFAIRTRADE_FACET"><button class="sc-c5497fb8-0 ixPwWa sc-aaf8a53a-0 jeFPS" type="button"><p class="sc-aaf8a53a-1 iNbHdt"><span>Fairtrade</span><span class="sc-aaf8a53a-2 beovgw">32</span></p></button></a><a class="sc-f1f2eb33-0 hzJRJT" href="/sortiment/glass-godis-och-snacks?q=%3AtopRated%3AproductLabelTypes%3AGLUTENFREE"><button class="sc-c5497fb8-0 ixPwWa sc-aaf8a53a-0 jeFPS" type="button"><p class="sc-aaf8a53a-1 iNbHdt"><span>Glutenfri</span><span class="sc-aaf8a53a-2 beovgw">22</span></p></button></a><a class="sc-f1f2eb33-0 hzJRJT" href="/sortiment/glass-godis-och-snacks?q=%3AtopRated%3AproductLabelTypes%3AKEYHOLE"><button class="sc-c5497fb8-0 ixPwWa sc-aaf8a53a-0 jeFPS" type="button"><p class="sc-aaf8a53a-1 iNbHdt"><span>Nyckelhålet</span><span class="sc-aaf8a53a-2 beovgw">10</span></p></button></a><a class="sc-f1f2eb33-0 hzJRJT" href="/sortiment/glass-godis-och-snacks?q=%3AtopRated%3AproductLabelTypes%3ALAKTOSFREE"><button class="sc-c5497fb8-0 ixPwWa sc-aaf8a53a-0 jeFPS" type="button"><p class="sc-aaf8a53a-1 iNbHdt"><span>Laktosfri</span><span class="sc-aaf8a53a-2 beovgw">24</span></p></button></a><a class="sc-f1f2eb33-0 hzJRJT" href="/sortiment/glass-godis-och-snacks?q=%3AtopRated%3AproductLabelTypes%3ASWEDISH_FLAG"><button class="sc-c5497fb8-0 ixPwWa sc-aaf8a53a-0 jeFPS" type="button"><p class="sc-aaf8a53a-1 iNbHdt"><span>Svenskt</span><span class="sc-aaf8a53a-2 beovgw">14</span></p></button></a></div></div></div></div></div><div class="sc-a4dd782-0 fWTHmv" data-id="grid" data-testid="grid"><div data-testid="product" class="sc-d29e4bca-0 jGOOKl" itemscope="" itemtype="https://schema.org/Product"><div class="sc-d29e4bca-2 lghUUL"><a class="sc-f1f2eb33-0 hzJRJT" href="/produkt/Glassbat-Graddglass-101277147_ST"><div class="sc-d29e4bca-1 AneEd"><div class="sc-bc8bed15-0 AYuHp"><span style="box-sizing:border-box;display:inline-block;overflow:hidden;width:initial;height:initial;background:none;opacity:1;border:0;margin:0;padding:0;position:relative;max-width:100%"><span style="box-sizing:border-box;display:block;width:initial;height:initial;background:none;opacity:1;border:0;margin:0;padding:0;max-width:100%"><img style="display:block;max-width:100%;width:initial;height:initial;background:none;opacity:1;border:0;margin:0;padding:0" alt="" aria-hidden="true" src="data:image/svg+xml,%3csvg%20xmlns=%27http://www.w3.org/2000/svg%27%20version=%271.1%27%20width=%27132%27%20height=%27132%27/%3e"></span><img itemprop="image" src="data:image/gif;base64,R0lGODlhAQABAIAAAAAAAP///yH5BAEAAAAALAAAAAABAAEAAAIBRAA7" decoding="async" data-nimg="intrinsic" style="position:absolute;top:0;left:0;bottom:0;right:0;box-sizing:border-box;padding:0;border:none;margin:auto;display:block;width:0;height:0;min-width:100%;max-width:100%;min-height:100%;max-height:100%"><noscript><img itemProp="image" src="https://d2rfo6yapuixuu.cloudfront.net/h52/hbc/11726189166622/7312690800086_1622031021243_master_axfood_300" decoding="async" data-nimg="intrinsic" style="position:absolute;top:0;left:0;bottom:0;right:0;box-sizing:border-box;padding:0;border:none;margin:auto;display:block;width:0;height:0;min-width:100%;max-width:100%;min-height:100%;max-height:100%" loading="lazy"/></noscript></span></div></div></a><div class="sc-d29e4bca-9 fQCUtu"><div class="sc-2ba9c6a8-0 iNQNDm"><button data-testid="add-to-list-button" class="sc-c5497fb8-0 iXJhuE sc-2ba9c6a8-2 fWarGq" type="button" title="Spara till lista"><span data-testid="icon" class="sc-aa256264-1 bFmDBX" style="color:#181818"><svg width="24" height="24" viewBox="0 0 24 24" xmlns="http://www.w3.org/2000/svg"><path d="M20 .018a.75.75 0 0 1 .743.648l.007.102V12a.75.75 0 0 1-1.493.102L19.25 12V1.518H1.513V22.5H12a.75.75 0 0 1 .743.649l.007.102a.75.75 0 0 1-.648.743L12 24H.763a.75.75 0 0 1-.743-.649l-.007-.101V.768A.75.75 0 0 1 .662.025L.763.018H20Zm.02 16.024a.75.75 0 0 1 .742.65l.007.103-.008 2.454 2.517.001a.75.75 0 0 1 .102 1.493l-.102.007h-2.522l-.006 2.503a.75.75 0 0 1-1.493.097l-.007-.102.006-2.499-2.497.001a.75.75 0 0 1-.101-1.493l.101-.007h2.502l.008-2.46a.75.75 0 0 1 .752-.748Zm-6.766.208a.75.75 0 0 1 .102 1.493l-.102.007H9.752a.75.75 0 0 1-.102-1.493l.102-.007h3.502Zm-7.003 0a.75.75 0 0 1 .102 1.493l-.102.007h-.5a.75.75 0 0 1-.101-1.493l.101-.007h.5Zm9.008-5a.75.75 0 0 1 .102 1.493l-.102.007H9.752a.75.75 0 0 1-.102-1.493l.102-.007h5.507Zm-9.008 0a.75.75 0 0 1 .102 1.493l-.102.007h-.5a.75.75 0 0 1-.101-1.493l.101-.007h.5Zm9.008-5a.75.75 0 0 1 .102 1.493l-.102.007H9.752a.75.75 0 0 1-.102-1.493l.102-.007h5.507Zm-9.008 0a.75.75 0 0 1 .102 1.493l-.102.007h-.5a.75.75 0 0 1-.101-1.493l.101-.007h.5Z" fill="currentColor" fill-rule="nonzero"></path></svg></span></button></div></div><div class="sc-d29e4bca-10 kelKLc"><div class="sc-d29e4bca-12 iEmMAf"> Spara 13,00 kr/st
                  </div><div class="sc-9270b5eb-0 bYowXF" data-testid="product-price"><div class="sc-9270b5eb-1 kxcZnM"><span class="sc-9270b5eb-2 gIEzQM">29</span><span class="sc-9270b5eb-3 enMhbY"></span><div class="sc-9270b5eb-4 iSBFJY"><span class="sc-9270b5eb-5 kavxJt">90</span><span class="sc-9270b5eb-6 hTVqeQ">/st</span></div></div><span data-testid="icon" class="sc-aa256264-1 bFmDBX sc-9270b5eb-7 jbPien" style="color:#181818"><svg width="48" height="9" viewBox="0 0 48 9" xmlns="http://www.w3.org/2000/svg"><path d="M22.181 2.163h2.069v1.102h-.502L22.38 6.853c-.355.931-.726 1.281-1.523 1.281-.476 0-.823-.119-1.16-.316l.442-.94c.165.102.38.179.554.179.234 0 .355-.068.468-.299l-1.386-3.493h-.511V2.163h2.069v1.102h-.225l.684 2.015.65-2.015h-.26l-.001-1.102Zm6.252 3.204c-.008.939-.804 1.452-1.859 1.46-.398 0-.841-.145-1.074-.35v.264h-.944V5.298h.987c.174.385.503.554.909.554.225 0 .796-.05.796-.392 0-.204-.113-.324-.901-.512-.934-.231-1.774-.513-1.774-1.469v-.018c0-.896.796-1.366 1.809-1.366.528 0 .866.282.866.282v-.214h.96v1.444h-.96c-.06-.445-.503-.53-.813-.53-.2 0-.675.043-.675.342 0 .178.156.248.345.316.174.06.425.128.763.205.96.239 1.565.59 1.565 1.427ZM4.349.762 3.007 4.786 2.1 1.856h.484V.762H.247v1.094h.477l1.678 4.886h1.143l1.359-3.869 1.351 3.869h1.15l1.67-4.886h.476V.762H7.242v1.094h.49l-.909 2.93L5.483.762H4.349ZM17.142 5.64V1.847h-.744V.762h2.06v4.869l.502.009v1.101h-2.562V5.64h.744Zm-3.1 0V1.847h-.744V.762h2.06v4.869l.502.009v1.101h-2.562V5.64h.744Zm-3.291.016v-2.4h-.718V2.163h2.043v3.493h.51v1.085h-2.7V5.656h.865ZM11.34.113c.415 0 .753.333.753.743a.74.74 0 0 1-.753.734.74.74 0 0 1-.754-.734.75.75 0 0 1 .754-.743Z"></path><path fill="#E60019" d="M43.475 5.649v1.092h-1.843v-.649c-.303.385-.693.735-1.359.735-.995 0-1.575-.649-1.575-1.7V3.265h-.528V2.163h1.843v2.554c0 .616.295.931.796.931.501 0 .823-.316.823-.931V3.265h-.52V2.163h1.835v3.486h.528Zm4.442-.282c-.009.939-.805 1.452-1.859 1.46-.399 0-.841-.145-1.075-.35v.264h-.943V5.298h.987c.173.385.502.554.909.554.225 0 .795-.05.795-.392 0-.204-.112-.324-.9-.512-.935-.231-1.775-.513-1.775-1.469v-.018c0-.896.796-1.366 1.809-1.366.529 0 .866.282.866.282v-.214h.961v1.444h-.961c-.059-.445-.502-.53-.813-.53-.199 0-.674.043-.674.342 0 .178.156.248.345.316.173.06.424.128.762.205.961.239 1.566.59 1.566 1.427ZM32.123 6.742H29.18V5.656h.813V1.872h-.813V.762h3.281c1.445 0 2.318.845 2.318 2.067v.017c0 1.384-1.089 2.102-2.44 2.102h-1.013v.708h.797v1.086Zm3.846-1.102V1.847h-.745V.762h2.06v4.869l.503.009v1.101h-2.563V5.64h.745Zm-4.643-1.863h1.058c.656 0 1.047-.392 1.047-.905v-.017c0-.59-.408-.906-1.082-.906h-1.023v1.828Z"></path></svg></span></div></div><div class="sc-d29e4bca-17 gDHIqT"></div></div><div class="sc-d29e4bca-3 hybTXH"><div itemprop="name" class="sc-d29e4bca-5 dFbdab">Glassbåt Gräddglass</div><div class="sc-d29e4bca-6 jcKBWw"><span itemprop="brand" class="sc-d29e4bca-7 ixEPqC">Sia Glass</span></div><div class="sc-d29e4bca-6 jcKBWw"><span class="sc-d29e4bca-8 fjSfGP">6p</span></div><div class="sc-d29e4bca-4 hOVxrK"><div class="sc-d29e4bca-14 iOJJjG">Ordinarie pris 42,90 kr/st</div><div class="sc-d29e4bca-16 iKWolk">Jmf-pris 7,15 kr/st</div><div class="sc-d29e4bca-13 hRjtsf">Jmf-pris 4,98 kr/st<!-- --> • Max 3 köp</div></div><div class="sc-9f11aa96-1 gUcqVE" disabled=""><button title="Minska antal" type="button" disabled="" class="sc-9f11aa96-2 ZGibe"><span data-testid="icon-minus" class="sc-aa256264-1 bFmDBX" style="color:#949494"><svg xmlns="http://www.w3.org/2000/svg" width="16" height="16" viewBox="0 0 16 16"><path fill="currentColor" d="M15.25 7.25a.75.75 0 0 1 .102 1.493l-.102.007H.75a.75.75 0 0 1-.102-1.493L.75 7.25h14.5z"></path></svg></span></button><div class="sc-9f11aa96-4 iZqCTV"><div class="sc-19fa22dc-1 hRyfKT"><div class="sc-19fa22dc-6 MrpxB"></div><input name="quantity" type="text" maxlength="250" aria-label="Ändra produktantal" class="sc-19fa22dc-0 hPVmQo sc-9f11aa96-5 bJwNdv" value="0 st" disabled=""></div></div><button title="Öka antal" type="button" class="sc-9f11aa96-2 ZGibe" disabled=""><span data-testid="icon-plus" class="sc-aa256264-1 bFmDBX" style="color:#FFFFFF"><svg xmlns="http://www.w3.org/2000/svg" width="16" height="16" viewBox="0 0 16 16"><path fill="currentColor" d="M8 0a.75.75 0 0 1 .75.75v6.5h6.5a.75.75 0 0 1 0 1.5h-6.5v6.5a.75.75 0 0 1-1.5 0v-6.5H.75a.75.75 0 0 1 0-1.5h6.5V.75A.75.75 0 0 1 8 0Z"></path></svg></span></button></div></div><div itemprop="offers" itemtype="http://schema.org/Offer" itemscope=""><link itemprop="url" href="/produkt/Glassbat-Graddglass-101277147_ST"><meta itemprop="availability" content="https://schema.org/InStock"><meta itemprop="priceCurrency" content="SEK"><meta itemprop="price" content="42,90"></div><meta itemprop="description" content="SIA GLASS, 6p"></div><div data-testid="product" class="sc-d29e4bca-0 jGOOKl" itemscope="" itemtype="https://schema.org/Product"><div class="sc-d29e4bca-2 lghUUL"><a class="sc-f1f2eb33-0 hzJRJT" href="/produkt/Glassbat-Hallonochsaltlakrits-101405978_ST"><div class="sc-d29e4bca-1 AneEd"><div class="sc-bc8bed15-0 AYuHp"><span style="box-sizing:border-box;display:inline-block;overflow:hidden;width:initial;height:initial;background:none;opacity:1;border:0;margin:0;padding:0;position:relative;max-width:100%"><span style="box-sizing:border-box;display:block;width:initial;height:initial;background:none;opacity:1;border:0;margin:0;padding:0;max-width:100%"><img style="display:block;max-width:100%;width:initial;height:initial;background:none;opacity:1;border:0;margin:0;padding:0" alt="" aria-hidden="true" src="data:image/svg+xml,%3csvg%20xmlns=%27http://www.w3.org/2000/svg%27%20version=%271.1%27%20width=%27132%27%20height=%27132%27/%3e"></span><img itemprop="image" src="data:image/gif;base64,R0lGODlhAQABAIAAAAAAAP///yH5BAEAAAAALAAAAAABAAEAAAIBRAA7" decoding="async" data-nimg="intrinsic" style="position:absolute;top:0;left:0;bottom:0;right:0;box-sizing:border-box;padding:0;border:none;margin:auto;display:block;width:0;height:0;min-width:100%;max-width:100%;min-height:100%;max-height:100%"><noscript><img itemProp="image" src="https://d2rfo6yapuixuu.cloudfront.net/h1f/h16/13883716993054/7312690800192_1674359144985_master_axfood_300" decoding="async" data-nimg="intrinsic" style="position:absolute;top:0;left:0;bottom:0;right:0;box-sizing:border-box;padding:0;border:none;margin:auto;display:block;width:0;height:0;min-width:100%;max-width:100%;min-height:100%;max-height:100%" loading="lazy"/></noscript></span></div></div></a><div class="sc-d29e4bca-9 fQCUtu"><div class="sc-2ba9c6a8-0 iNQNDm"><button data-testid="add-to-list-button" class="sc-c5497fb8-0 iXJhuE sc-2ba9c6a8-2 fWarGq" type="button" title="Spara till lista"><span data-testid="icon" class="sc-aa256264-1 bFmDBX" style="color:#181818"><svg width="24" height="24" viewBox="0 0 24 24" xmlns="http://www.w3.org/2000/svg"><path d="M20 .018a.75.75 0 0 1 .743.648l.007.102V12a.75.75 0 0 1-1.493.102L19.25 12V1.518H1.513V22.5H12a.75.75 0 0 1 .743.649l.007.102a.75.75 0 0 1-.648.743L12 24H.763a.75.75 0 0 1-.743-.649l-.007-.101V.768A.75.75 0 0 1 .662.025L.763.018H20Zm.02 16.024a.75.75 0 0 1 .742.65l.007.103-.008 2.454 2.517.001a.75.75 0 0 1 .102 1.493l-.102.007h-2.522l-.006 2.503a.75.75 0 0 1-1.493.097l-.007-.102.006-2.499-2.497.001a.75.75 0 0 1-.101-1.493l.101-.007h2.502l.008-2.46a.75.75 0 0 1 .752-.748Zm-6.766.208a.75.75 0 0 1 .102 1.493l-.102.007H9.752a.75.75 0 0 1-.102-1.493l.102-.007h3.502Zm-7.003 0a.75.75 0 0 1 .102 1.493l-.102.007h-.5a.75.75 0 0 1-.101-1.493l.101-.007h.5Zm9.008-5a.75.75 0 0 1 .102 1.493l-.102.007H9.752a.75.75 0 0 1-.102-1.493l.102-.007h5.507Zm-9.008 0a.75.75 0 0 1 .102 1.493l-.102.007h-.5a.75.75 0 0 1-.101-1.493l.101-.007h.5Zm9.008-5a.75.75 0 0 1 .102 1.493l-.102.007H9.752a.75.75 0 0 1-.102-1.493l.102-.007h5.507Zm-9.008 0a.75.75 0 0 1 .102 1.493l-.102.007h-.5a.75.75 0 0 1-.101-1.493l.101-.007h.5Z" fill="currentColor" fill-rule="nonzero"></path></svg></span></button></div></div><div class="sc-d29e4bca-10 kelKLc"><div class="sc-d29e4bca-12 iEmMAf"> Spara 13,00 kr/st
                  </div><div class="sc-9270b5eb-0 bYowXF" data-testid="product-price"><div class="sc-9270b5eb-1 kxcZnM"><span class="sc-9270b5eb-2 gIEzQM">29</span><span class="sc-9270b5eb-3 enMhbY"></span><div class="sc-9270b5eb-4 iSBFJY"><span class="sc-9270b5eb-5 kavxJt">90</span><span class="sc-9270b5eb-6 hTVqeQ">/st</span></div></div><span data-testid="icon" class="sc-aa256264-1 bFmDBX sc-9270b5eb-7 jbPien" style="color:#181818"><svg width="48" height="9" viewBox="0 0 48 9" xmlns="http://www.w3.org/2000/svg"><path d="M22.181 2.163h2.069v1.102h-.502L22.38 6.853c-.355.931-.726 1.281-1.523 1.281-.476 0-.823-.119-1.16-.316l.442-.94c.165.102.38.179.554.179.234 0 .355-.068.468-.299l-1.386-3.493h-.511V2.163h2.069v1.102h-.225l.684 2.015.65-2.015h-.26l-.001-1.102Zm6.252 3.204c-.008.939-.804 1.452-1.859 1.46-.398 0-.841-.145-1.074-.35v.264h-.944V5.298h.987c.174.385.503.554.909.554.225 0 .796-.05.796-.392 0-.204-.113-.324-.901-.512-.934-.231-1.774-.513-1.774-1.469v-.018c0-.896.796-1.366 1.809-1.366.528 0 .866.282.866.282v-.214h.96v1.444h-.96c-.06-.445-.503-.53-.813-.53-.2 0-.675.043-.675.342 0 .178.156.248.345.316.174.06.425.128.763.205.96.239 1.565.59 1.565 1.427ZM4.349.762 3.007 4.786 2.1 1.856h.484V.762H.247v1.094h.477l1.678 4.886h1.143l1.359-3.869 1.351 3.869h1.15l1.67-4.886h.476V.762H7.242v1.094h.49l-.909 2.93L5.483.762H4.349ZM17.142 5.64V1.847h-.744V.762h2.06v4.869l.502.009v1.101h-2.562V5.64h.744Zm-3.1 0V1.847h-.744V.762h2.06v4.869l.502.009v1.101h-2.562V5.64h.744Zm-3.291.016v-2.4h-.718V2.163h2.043v3.493h.51v1.085h-2.7V5.656h.865ZM11.34.113c.415 0 .753.333.753.743a.74.74 0 0 1-.753.734.74.74 0 0 1-.754-.734.75.75 0 0 1 .754-.743Z"></path><path fill="#E60019" d="M43.475 5.649v1.092h-1.843v-.649c-.303.385-.693.735-1.359.735-.995 0-1.575-.649-1.575-1.7V3.265h-.528V2.163h1.843v2.554c0 .616.295.931.796.931.501 0 .823-.316.823-.931V3.265h-.52V2.163h1.835v3.486h.528Zm4.442-.282c-.009.939-.805 1.452-1.859 1.46-.399 0-.841-.145-1.075-.35v.264h-.943V5.298h.987c.173.385.502.554.909.554.225 0 .795-.05.795-.392 0-.204-.112-.324-.9-.512-.935-.231-1.775-.513-1.775-1.469v-.018c0-.896.796-1.366 1.809-1.366.529 0 .866.282.866.282v-.214h.961v1.444h-.961c-.059-.445-.502-.53-.813-.53-.199 0-.674.043-.674.342 0 .178.156.248.345.316.173.06.424.128.762.205.961.239 1.566.59 1.566 1.427ZM32.123 6.742H29.18V5.656h.813V1.872h-.813V.762h3.281c1.445 0 2.318.845 2.318 2.067v.017c0 1.384-1.089 2.102-2.44 2.102h-1.013v.708h.797v1.086Zm3.846-1.102V1.847h-.745V.762h2.06v4.869l.503.009v1.101h-2.563V5.64h.745Zm-4.643-1.863h1.058c.656 0 1.047-.392 1.047-.905v-.017c0-.59-.408-.906-1.082-.906h-1.023v1.828Z"></path></svg></span></div></div><div class="sc-d29e4bca-17 gDHIqT"></div></div><div class="sc-d29e4bca-3 hybTXH"><div itemprop="name" class="sc-d29e4bca-5 dFbdab">Glassbåt Hallon&amp;saltlakrits</div><div class="sc-d29e4bca-6 jcKBWw"><span itemprop="brand" class="sc-d29e4bca-7 ixEPqC">Sia Glass</span></div><div class="sc-d29e4bca-6 jcKBWw"><span class="sc-d29e4bca-8 fjSfGP">6st</span></div><div class="sc-d29e4bca-4 hOVxrK"><div class="sc-d29e4bca-14 iOJJjG">Ordinarie pris 42,90 kr/st</div><div class="sc-d29e4bca-16 iKWolk">Jmf-pris 7,15 kr/st</div><div class="sc-d29e4bca-13 hRjtsf">Jmf-pris 4,98 kr/st<!-- --> • Max 3 köp</div></div><div class="sc-9f11aa96-1 gUcqVE" disabled=""><button title="Minska antal" type="button" disabled="" class="sc-9f11aa96-2 ZGibe"><span data-testid="icon-minus" class="sc-aa256264-1 bFmDBX" style="color:#949494"><svg xmlns="http://www.w3.org/2000/svg" width="16" height="16" viewBox="0 0 16 16"><path fill="currentColor" d="M15.25 7.25a.75.75 0 0 1 .102 1.493l-.102.007H.75a.75.75 0 0 1-.102-1.493L.75 7.25h14.5z"></path></svg></span></button><div class="sc-9f11aa96-4 iZqCTV"><div class="sc-19fa22dc-1 hRyfKT"><div class="sc-19fa22dc-6 MrpxB"></div><input name="quantity" type="text" maxlength="250" aria-label="Ändra produktantal" class="sc-19fa22dc-0 hPVmQo sc-9f11aa96-5 bJwNdv" value="0 st" disabled=""></div></div><button title="Öka antal" type="button" class="sc-9f11aa96-2 ZGibe" disabled=""><span data-testid="icon-plus" class="sc-aa256264-1 bFmDBX" style="color:#FFFFFF"><svg xmlns="http://www.w3.org/2000/svg" width="16" height="16" viewBox="0 0 16 16"><path fill="currentColor" d="M8 0a.75.75 0 0 1 .75.75v6.5h6.5a.75.75 0 0 1 0 1.5h-6.5v6.5a.75.75 0 0 1-1.5 0v-6.5H.75a.75.75 0 0 1 0-1.5h6.5V.75A.75.75 0 0 1 8 0Z"></path></svg></span></button></div></div><div itemprop="offers" itemtype="http://schema.org/Offer" itemscope=""><link itemprop="url" href="/produkt/Glassbat-Hallonochsaltlakrits-101405978_ST"><meta itemprop="availability" content="https://schema.org/InStock"><meta itemprop="priceCurrency" content="SEK"><meta itemprop="price" content="42,90"></div><meta itemprop="description" content="SIA GLASS, 6st"></div><div data-testid="product" class="sc-d29e4bca-0 jGOOKl" itemscope="" itemtype="https://schema.org/Product"><div class="sc-d29e4bca-2 lghUUL"><a class="sc-f1f2eb33-0 hzJRJT" href="/produkt/Salt-Karamell-Flerpack-Glass-101469288_ST"><div class="sc-d29e4bca-1 AneEd"><div class="sc-bc8bed15-0 AYuHp"><span style="box-sizing:border-box;display:inline-block;overflow:hidden;width:initial;height:initial;background:none;opacity:1;border:0;margin:0;padding:0;position:relative;max-width:100%"><span style="box-sizing:border-box;display:block;width:initial;height:initial;background:none;opacity:1;border:0;margin:0;padding:0;max-width:100%"><img style="display:block;max-width:100%;width:initial;height:initial;background:none;opacity:1;border:0;margin:0;padding:0" alt="" aria-hidden="true" src="data:image/svg+xml,%3csvg%20xmlns=%27http://www.w3.org/2000/svg%27%20version=%271.1%27%20width=%27132%27%20height=%27132%27/%3e"></span><img itemprop="image" src="data:image/gif;base64,R0lGODlhAQABAIAAAAAAAP///yH5BAEAAAAALAAAAAABAAEAAAIBRAA7" decoding="async" data-nimg="intrinsic" style="position:absolute;top:0;left:0;bottom:0;right:0;box-sizing:border-box;padding:0;border:none;margin:auto;display:block;width:0;height:0;min-width:100%;max-width:100%;min-height:100%;max-height:100%"><noscript><img itemProp="image" src="https://d2rfo6yapuixuu.cloudfront.net/h3c/ha5/13923524804638/7312690800246_1675137326396_master_axfood_300" decoding="async" data-nimg="intrinsic" style="position:absolute;top:0;left:0;bottom:0;right:0;box-sizing:border-box;padding:0;border:none;margin:auto;display:block;width:0;height:0;min-width:100%;max-width:100%;min-height:100%;max-height:100%" loading="lazy"/></noscript></span></div></div></a><div class="sc-d29e4bca-9 fQCUtu"><div class="sc-2ba9c6a8-0 iNQNDm"><button data-testid="add-to-list-button" class="sc-c5497fb8-0 iXJhuE sc-2ba9c6a8-2 fWarGq" type="button" title="Spara till lista"><span data-testid="icon" class="sc-aa256264-1 bFmDBX" style="color:#181818"><svg width="24" height="24" viewBox="0 0 24 24" xmlns="http://www.w3.org/2000/svg"><path d="M20 .018a.75.75 0 0 1 .743.648l.007.102V12a.75.75 0 0 1-1.493.102L19.25 12V1.518H1.513V22.5H12a.75.75 0 0 1 .743.649l.007.102a.75.75 0 0 1-.648.743L12 24H.763a.75.75 0 0 1-.743-.649l-.007-.101V.768A.75.75 0 0 1 .662.025L.763.018H20Zm.02 16.024a.75.75 0 0 1 .742.65l.007.103-.008 2.454 2.517.001a.75.75 0 0 1 .102 1.493l-.102.007h-2.522l-.006 2.503a.75.75 0 0 1-1.493.097l-.007-.102.006-2.499-2.497.001a.75.75 0 0 1-.101-1.493l.101-.007h2.502l.008-2.46a.75.75 0 0 1 .752-.748Zm-6.766.208a.75.75 0 0 1 .102 1.493l-.102.007H9.752a.75.75 0 0 1-.102-1.493l.102-.007h3.502Zm-7.003 0a.75.75 0 0 1 .102 1.493l-.102.007h-.5a.75.75 0 0 1-.101-1.493l.101-.007h.5Zm9.008-5a.75.75 0 0 1 .102 1.493l-.102.007H9.752a.75.75 0 0 1-.102-1.493l.102-.007h5.507Zm-9.008 0a.75.75 0 0 1 .102 1.493l-.102.007h-.5a.75.75 0 0 1-.101-1.493l.101-.007h.5Zm9.008-5a.75.75 0 0 1 .102 1.493l-.102.007H9.752a.75.75 0 0 1-.102-1.493l.102-.007h5.507Zm-9.008 0a.75.75 0 0 1 .102 1.493l-.102.007h-.5a.75.75 0 0 1-.101-1.493l.101-.007h.5Z" fill="currentColor" fill-rule="nonzero"></path></svg></span></button></div></div><div class="sc-d29e4bca-10 kelKLc"><div class="sc-d29e4bca-12 iEmMAf"> Spara 13,00 kr/st
                  </div><div class="sc-9270b5eb-0 bYowXF" data-testid="product-price"><div class="sc-9270b5eb-1 kxcZnM"><span class="sc-9270b5eb-2 gIEzQM">29</span><span class="sc-9270b5eb-3 enMhbY"></span><div class="sc-9270b5eb-4 iSBFJY"><span class="sc-9270b5eb-5 kavxJt">90</span><span class="sc-9270b5eb-6 hTVqeQ">/st</span></div></div><span data-testid="icon" class="sc-aa256264-1 bFmDBX sc-9270b5eb-7 jbPien" style="color:#181818"><svg width="48" height="9" viewBox="0 0 48 9" xmlns="http://www.w3.org/2000/svg"><path d="M22.181 2.163h2.069v1.102h-.502L22.38 6.853c-.355.931-.726 1.281-1.523 1.281-.476 0-.823-.119-1.16-.316l.442-.94c.165.102.38.179.554.179.234 0 .355-.068.468-.299l-1.386-3.493h-.511V2.163h2.069v1.102h-.225l.684 2.015.65-2.015h-.26l-.001-1.102Zm6.252 3.204c-.008.939-.804 1.452-1.859 1.46-.398 0-.841-.145-1.074-.35v.264h-.944V5.298h.987c.174.385.503.554.909.554.225 0 .796-.05.796-.392 0-.204-.113-.324-.901-.512-.934-.231-1.774-.513-1.774-1.469v-.018c0-.896.796-1.366 1.809-1.366.528 0 .866.282.866.282v-.214h.96v1.444h-.96c-.06-.445-.503-.53-.813-.53-.2 0-.675.043-.675.342 0 .178.156.248.345.316.174.06.425.128.763.205.96.239 1.565.59 1.565 1.427ZM4.349.762 3.007 4.786 2.1 1.856h.484V.762H.247v1.094h.477l1.678 4.886h1.143l1.359-3.869 1.351 3.869h1.15l1.67-4.886h.476V.762H7.242v1.094h.49l-.909 2.93L5.483.762H4.349ZM17.142 5.64V1.847h-.744V.762h2.06v4.869l.502.009v1.101h-2.562V5.64h.744Zm-3.1 0V1.847h-.744V.762h2.06v4.869l.502.009v1.101h-2.562V5.64h.744Zm-3.291.016v-2.4h-.718V2.163h2.043v3.493h.51v1.085h-2.7V5.656h.865ZM11.34.113c.415 0 .753.333.753.743a.74.74 0 0 1-.753.734.74.74 0 0 1-.754-.734.75.75 0 0 1 .754-.743Z"></path><path fill="#E60019" d="M43.475 5.649v1.092h-1.843v-.649c-.303.385-.693.735-1.359.735-.995 0-1.575-.649-1.575-1.7V3.265h-.528V2.163h1.843v2.554c0 .616.295.931.796.931.501 0 .823-.316.823-.931V3.265h-.52V2.163h1.835v3.486h.528Zm4.442-.282c-.009.939-.805 1.452-1.859 1.46-.399 0-.841-.145-1.075-.35v.264h-.943V5.298h.987c.173.385.502.554.909.554.225 0 .795-.05.795-.392 0-.204-.112-.324-.9-.512-.935-.231-1.775-.513-1.775-1.469v-.018c0-.896.796-1.366 1.809-1.366.529 0 .866.282.866.282v-.214h.961v1.444h-.961c-.059-.445-.502-.53-.813-.53-.199 0-.674.043-.674.342 0 .178.156.248.345.316.173.06.424.128.762.205.961.239 1.566.59 1.566 1.427ZM32.123 6.742H29.18V5.656h.813V1.872h-.813V.762h3.281c1.445 0 2.318.845 2.318 2.067v.017c0 1.384-1.089 2.102-2.44 2.102h-1.013v.708h.797v1.086Zm3.846-1.102V1.847h-.745V.762h2.06v4.869l.503.009v1.101h-2.563V5.64h.745Zm-4.643-1.863h1.058c.656 0 1.047-.392 1.047-.905v-.017c0-.59-.408-.906-1.082-.906h-1.023v1.828Z"></path></svg></span></div></div><div class="sc-d29e4bca-17 gDHIqT"></div></div><div class="sc-d29e4bca-3 hybTXH"><div itemprop="name" class="sc-d29e4bca-5 dFbdab">Salt Karamell Flerpack Glass</div><div class="sc-d29e4bca-6 jcKBWw"><span itemprop="brand" class="sc-d29e4bca-7 ixEPqC">Sia Glass</span></div><div class="sc-d29e4bca-6 jcKBWw"><span class="sc-d29e4bca-8 fjSfGP">5p</span></div><div class="sc-d29e4bca-4 hOVxrK"><div class="sc-d29e4bca-14 iOJJjG">Ordinarie pris 42,90 kr/st</div><div class="sc-d29e4bca-16 iKWolk">Jmf-pris 8,58 kr/st</div><div class="sc-d29e4bca-13 hRjtsf">Jmf-pris 5,98 kr/st<!-- --> • Max 3 köp</div></div><div class="sc-9f11aa96-1 gUcqVE" disabled=""><button title="Minska antal" type="button" disabled="" class="sc-9f11aa96-2 ZGibe"><span data-testid="icon-minus" class="sc-aa256264-1 bFmDBX" style="color:#949494"><svg xmlns="http://www.w3.org/2000/svg" width="16" height="16" viewBox="0 0 16 16"><path fill="currentColor" d="M15.25 7.25a.75.75 0 0 1 .102 1.493l-.102.007H.75a.75.75 0 0 1-.102-1.493L.75 7.25h14.5z"></path></svg></span></button><div class="sc-9f11aa96-4 iZqCTV"><div class="sc-19fa22dc-1 hRyfKT"><div class="sc-19fa22dc-6 MrpxB"></div><input name="quantity" type="text" maxlength="250" aria-label="Ändra produktantal" class="sc-19fa22dc-0 hPVmQo sc-9f11aa96-5 bJwNdv" value="0 st" disabled=""></div></div><button title="Öka antal" type="button" class="sc-9f11aa96-2 ZGibe" disabled=""><span data-testid="icon-plus" class="sc-aa256264-1 bFmDBX" style="color:#FFFFFF"><svg xmlns="http://www.w3.org/2000/svg" width="16" height="16" viewBox="0 0 16 16"><path fill="currentColor" d="M8 0a.75.75 0 0 1 .75.75v6.5h6.5a.75.75 0 0 1 0 1.5h-6.5v6.5a.75.75 0 0 1-1.5 0v-6.5H.75a.75.75 0 0 1 0-1.5h6.5V.75A.75.75 0 0 1 8 0Z"></path></svg></span></button></div></div><div itemprop="offers" itemtype="http://schema.org/Offer" itemscope=""><link itemprop="url" href="/produkt/Salt-Karamell-Flerpack-Glass-101469288_ST"><meta itemprop="availability" content="https://schema.org/InStock"><meta itemprop="priceCurrency" content="SEK"><meta itemprop="price" content="42,90"></div><meta itemprop="description" content="SIA GLASS, 5p"></div><div data-testid="product" class="sc-d29e4bca-0 jGOOKl" itemscope="" itemtype="https://schema.org/Product"><div class="sc-d29e4bca-2 lghUUL"><a class="sc-f1f2eb33-0 hzJRJT" href="/produkt/Juni-Strut-Graddglass-101249479_ST"><div class="sc-d29e4bca-1 AneEd"><div class="sc-bc8bed15-0 AYuHp"><span style="box-sizing:border-box;display:inline-block;overflow:hidden;width:initial;height:initial;background:none;opacity:1;border:0;margin:0;padding:0;position:relative;max-width:100%"><span style="box-sizing:border-box;display:block;width:initial;height:initial;background:none;opacity:1;border:0;margin:0;padding:0;max-width:100%"><img style="display:block;max-width:100%;width:initial;height:initial;background:none;opacity:1;border:0;margin:0;padding:0" alt="" aria-hidden="true" src="data:image/svg+xml,%3csvg%20xmlns=%27http://www.w3.org/2000/svg%27%20version=%271.1%27%20width=%27132%27%20height=%27132%27/%3e"></span><img itemprop="image" src="data:image/gif;base64,R0lGODlhAQABAIAAAAAAAP///yH5BAEAAAAALAAAAAABAAEAAAIBRAA7" decoding="async" data-nimg="intrinsic" style="position:absolute;top:0;left:0;bottom:0;right:0;box-sizing:border-box;padding:0;border:none;margin:auto;display:block;width:0;height:0;min-width:100%;max-width:100%;min-height:100%;max-height:100%"><noscript><img itemProp="image" src="https://d2rfo6yapuixuu.cloudfront.net/h97/h6f/9873913184286/7312690800048_1582872044367_master_axfood_300" decoding="async" data-nimg="intrinsic" style="position:absolute;top:0;left:0;bottom:0;right:0;box-sizing:border-box;padding:0;border:none;margin:auto;display:block;width:0;height:0;min-width:100%;max-width:100%;min-height:100%;max-height:100%" loading="lazy"/></noscript></span></div></div></a><div class="sc-d29e4bca-9 fQCUtu"><div class="sc-2ba9c6a8-0 iNQNDm"><button data-testid="add-to-list-button" class="sc-c5497fb8-0 iXJhuE sc-2ba9c6a8-2 fWarGq" type="button" title="Spara till lista"><span data-testid="icon" class="sc-aa256264-1 bFmDBX" style="color:#181818"><svg width="24" height="24" viewBox="0 0 24 24" xmlns="http://www.w3.org/2000/svg"><path d="M20 .018a.75.75 0 0 1 .743.648l.007.102V12a.75.75 0 0 1-1.493.102L19.25 12V1.518H1.513V22.5H12a.75.75 0 0 1 .743.649l.007.102a.75.75 0 0 1-.648.743L12 24H.763a.75.75 0 0 1-.743-.649l-.007-.101V.768A.75.75 0 0 1 .662.025L.763.018H20Zm.02 16.024a.75.75 0 0 1 .742.65l.007.103-.008 2.454 2.517.001a.75.75 0 0 1 .102 1.493l-.102.007h-2.522l-.006 2.503a.75.75 0 0 1-1.493.097l-.007-.102.006-2.499-2.497.001a.75.75 0 0 1-.101-1.493l.101-.007h2.502l.008-2.46a.75.75 0 0 1 .752-.748Zm-6.766.208a.75.75 0 0 1 .102 1.493l-.102.007H9.752a.75.75 0 0 1-.102-1.493l.102-.007h3.502Zm-7.003 0a.75.75 0 0 1 .102 1.493l-.102.007h-.5a.75.75 0 0 1-.101-1.493l.101-.007h.5Zm9.008-5a.75.75 0 0 1 .102 1.493l-.102.007H9.752a.75.75 0 0 1-.102-1.493l.102-.007h5.507Zm-9.008 0a.75.75 0 0 1 .102 1.493l-.102.007h-.5a.75.75 0 0 1-.101-1.493l.101-.007h.5Zm9.008-5a.75.75 0 0 1 .102 1.493l-.102.007H9.752a.75.75 0 0 1-.102-1.493l.102-.007h5.507Zm-9.008 0a.75.75 0 0 1 .102 1.493l-.102.007h-.5a.75.75 0 0 1-.101-1.493l.101-.007h.5Z" fill="currentColor" fill-rule="nonzero"></path></svg></span></button></div></div><div class="sc-d29e4bca-10 kelKLc"><div class="sc-d29e4bca-12 iEmMAf"> Spara 13,00 kr/st
                  </div><div class="sc-9270b5eb-0 bYowXF" data-testid="product-price"><div class="sc-9270b5eb-1 kxcZnM"><span class="sc-9270b5eb-2 gIEzQM">29</span><span class="sc-9270b5eb-3 enMhbY"></span><div class="sc-9270b5eb-4 iSBFJY"><span class="sc-9270b5eb-5 kavxJt">90</span><span class="sc-9270b5eb-6 hTVqeQ">/st</span></div></div><span data-testid="icon" class="sc-aa256264-1 bFmDBX sc-9270b5eb-7 jbPien" style="color:#181818"><svg width="48" height="9" viewBox="0 0 48 9" xmlns="http://www.w3.org/2000/svg"><path d="M22.181 2.163h2.069v1.102h-.502L22.38 6.853c-.355.931-.726 1.281-1.523 1.281-.476 0-.823-.119-1.16-.316l.442-.94c.165.102.38.179.554.179.234 0 .355-.068.468-.299l-1.386-3.493h-.511V2.163h2.069v1.102h-.225l.684 2.015.65-2.015h-.26l-.001-1.102Zm6.252 3.204c-.008.939-.804 1.452-1.859 1.46-.398 0-.841-.145-1.074-.35v.264h-.944V5.298h.987c.174.385.503.554.909.554.225 0 .796-.05.796-.392 0-.204-.113-.324-.901-.512-.934-.231-1.774-.513-1.774-1.469v-.018c0-.896.796-1.366 1.809-1.366.528 0 .866.282.866.282v-.214h.96v1.444h-.96c-.06-.445-.503-.53-.813-.53-.2 0-.675.043-.675.342 0 .178.156.248.345.316.174.06.425.128.763.205.96.239 1.565.59 1.565 1.427ZM4.349.762 3.007 4.786 2.1 1.856h.484V.762H.247v1.094h.477l1.678 4.886h1.143l1.359-3.869 1.351 3.869h1.15l1.67-4.886h.476V.762H7.242v1.094h.49l-.909 2.93L5.483.762H4.349ZM17.142 5.64V1.847h-.744V.762h2.06v4.869l.502.009v1.101h-2.562V5.64h.744Zm-3.1 0V1.847h-.744V.762h2.06v4.869l.502.009v1.101h-2.562V5.64h.744Zm-3.291.016v-2.4h-.718V2.163h2.043v3.493h.51v1.085h-2.7V5.656h.865ZM11.34.113c.415 0 .753.333.753.743a.74.74 0 0 1-.753.734.74.74 0 0 1-.754-.734.75.75 0 0 1 .754-.743Z"></path><path fill="#E60019" d="M43.475 5.649v1.092h-1.843v-.649c-.303.385-.693.735-1.359.735-.995 0-1.575-.649-1.575-1.7V3.265h-.528V2.163h1.843v2.554c0 .616.295.931.796.931.501 0 .823-.316.823-.931V3.265h-.52V2.163h1.835v3.486h.528Zm4.442-.282c-.009.939-.805 1.452-1.859 1.46-.399 0-.841-.145-1.075-.35v.264h-.943V5.298h.987c.173.385.502.554.909.554.225 0 .795-.05.795-.392 0-.204-.112-.324-.9-.512-.935-.231-1.775-.513-1.775-1.469v-.018c0-.896.796-1.366 1.809-1.366.529 0 .866.282.866.282v-.214h.961v1.444h-.961c-.059-.445-.502-.53-.813-.53-.199 0-.674.043-.674.342 0 .178.156.248.345.316.173.06.424.128.762.205.961.239 1.566.59 1.566 1.427ZM32.123 6.742H29.18V5.656h.813V1.872h-.813V.762h3.281c1.445 0 2.318.845 2.318 2.067v.017c0 1.384-1.089 2.102-2.44 2.102h-1.013v.708h.797v1.086Zm3.846-1.102V1.847h-.745V.762h2.06v4.869l.503.009v1.101h-2.563V5.64h.745Zm-4.643-1.863h1.058c.656 0 1.047-.392 1.047-.905v-.017c0-.59-.408-.906-1.082-.906h-1.023v1.828Z"></path></svg></span></div></div><div class="sc-d29e4bca-17 gDHIqT"></div></div><div class="sc-d29e4bca-3 hybTXH"><div itemprop="name" class="sc-d29e4bca-5 dFbdab">Juni Strut Gräddglass</div><div class="sc-d29e4bca-6 jcKBWw"><span itemprop="brand" class="sc-d29e4bca-7 ixEPqC">Sia Glass</span></div><div class="sc-d29e4bca-6 jcKBWw"><span class="sc-d29e4bca-8 fjSfGP">6p</span></div><div class="sc-d29e4bca-4 hOVxrK"><div class="sc-d29e4bca-14 iOJJjG">Ordinarie pris 42,90 kr/st</div><div class="sc-d29e4bca-16 iKWolk">Jmf-pris 7,15 kr/st</div><div class="sc-d29e4bca-13 hRjtsf">Jmf-pris 4,98 kr/st<!-- --> • Max 3 köp</div></div><div class="sc-9f11aa96-1 gUcqVE" disabled=""><button title="Minska antal" type="button" disabled="" class="sc-9f11aa96-2 ZGibe"><span data-testid="icon-minus" class="sc-aa256264-1 bFmDBX" style="color:#949494"><svg xmlns="http://www.w3.org/2000/svg" width="16" height="16" viewBox="0 0 16 16"><path fill="currentColor" d="M15.25 7.25a.75.75 0 0 1 .102 1.493l-.102.007H.75a.75.75 0 0 1-.102-1.493L.75 7.25h14.5z"></path></svg></span></button><div class="sc-9f11aa96-4 iZqCTV"><div class="sc-19fa22dc-1 hRyfKT"><div class="sc-19fa22dc-6 MrpxB"></div><input name="quantity" type="text" maxlength="250" aria-label="Ändra produktantal" class="sc-19fa22dc-0 hPVmQo sc-9f11aa96-5 bJwNdv" value="0 st" disabled=""></div></div><button title="Öka antal" type="button" class="sc-9f11aa96-2 ZGibe" disabled=""><span data-testid="icon-plus" class="sc-aa256264-1 bFmDBX" style="color:#FFFFFF"><svg xmlns="http://www.w3.org/2000/svg" width="16" height="16" viewBox="0 0 16 16"><path fill="currentColor" d="M8 0a.75.75 0 0 1 .75.75v6.5h6.5a.75.75 0 0 1 0 1.5h-6.5v6.5a.75.75 0 0 1-1.5 0v-6.5H.75a.75.75 0 0 1 0-1.5h6.5V.75A.75.75 0 0 1 8 0Z"></path></svg></span></button></div></div><div itemprop="offers" itemtype="http://schema.org/Offer" itemscope=""><link itemprop="url" href="/produkt/Juni-Strut-Graddglass-101249479_ST"><meta itemprop="availability" content="https://schema.org/InStock"><meta itemprop="priceCurrency" content="SEK"><meta itemprop="price" content="42,90"></div><meta itemprop="description" content="SIA GLASS, 6p"></div><div data-testid="product" class="sc-d29e4bca-0 jGOOKl" itemscope="" itemtype="https://schema.org/Product"><div class="sc-d29e4bca-2 lghUUL"><a class="sc-f1f2eb33-0 hzJRJT" href="/produkt/Popsicles-Green-101469945_ST"><div class="sc-d29e4bca-1 AneEd"><div class="sc-bc8bed15-0 AYuHp"><span style="box-sizing:border-box;display:inline-block;overflow:hidden;width:initial;height:initial;background:none;opacity:1;border:0;margin:0;padding:0;position:relative;max-width:100%"><span style="box-sizing:border-box;display:block;width:initial;height:initial;background:none;opacity:1;border:0;margin:0;padding:0;max-width:100%"><img style="display:block;max-width:100%;width:initial;height:initial;background:none;opacity:1;border:0;margin:0;padding:0" alt="" aria-hidden="true" src="data:image/svg+xml,%3csvg%20xmlns=%27http://www.w3.org/2000/svg%27%20version=%271.1%27%20width=%27132%27%20height=%27132%27/%3e"></span><img itemprop="image" src="data:image/gif;base64,R0lGODlhAQABAIAAAAAAAP///yH5BAEAAAAALAAAAAABAAEAAAIBRAA7" decoding="async" data-nimg="intrinsic" style="position:absolute;top:0;left:0;bottom:0;right:0;box-sizing:border-box;padding:0;border:none;margin:auto;display:block;width:0;height:0;min-width:100%;max-width:100%;min-height:100%;max-height:100%"><noscript><img itemProp="image" src="https://d2rfo6yapuixuu.cloudfront.net/h4b/h71/13926427787294/7311043001644_1675164920284_master_axfood_300" decoding="async" data-nimg="intrinsic" style="position:absolute;top:0;left:0;bottom:0;right:0;box-sizing:border-box;padding:0;border:none;margin:auto;display:block;width:0;height:0;min-width:100%;max-width:100%;min-height:100%;max-height:100%" loading="lazy"/></noscript></span></div></div></a><div class="sc-d29e4bca-9 fQCUtu"><div class="sc-2ba9c6a8-0 iNQNDm"><button data-testid="add-to-list-button" class="sc-c5497fb8-0 iXJhuE sc-2ba9c6a8-2 fWarGq" type="button" title="Spara till lista"><span data-testid="icon" class="sc-aa256264-1 bFmDBX" style="color:#181818"><svg width="24" height="24" viewBox="0 0 24 24" xmlns="http://www.w3.org/2000/svg"><path d="M20 .018a.75.75 0 0 1 .743.648l.007.102V12a.75.75 0 0 1-1.493.102L19.25 12V1.518H1.513V22.5H12a.75.75 0 0 1 .743.649l.007.102a.75.75 0 0 1-.648.743L12 24H.763a.75.75 0 0 1-.743-.649l-.007-.101V.768A.75.75 0 0 1 .662.025L.763.018H20Zm.02 16.024a.75.75 0 0 1 .742.65l.007.103-.008 2.454 2.517.001a.75.75 0 0 1 .102 1.493l-.102.007h-2.522l-.006 2.503a.75.75 0 0 1-1.493.097l-.007-.102.006-2.499-2.497.001a.75.75 0 0 1-.101-1.493l.101-.007h2.502l.008-2.46a.75.75 0 0 1 .752-.748Zm-6.766.208a.75.75 0 0 1 .102 1.493l-.102.007H9.752a.75.75 0 0 1-.102-1.493l.102-.007h3.502Zm-7.003 0a.75.75 0 0 1 .102 1.493l-.102.007h-.5a.75.75 0 0 1-.101-1.493l.101-.007h.5Zm9.008-5a.75.75 0 0 1 .102 1.493l-.102.007H9.752a.75.75 0 0 1-.102-1.493l.102-.007h5.507Zm-9.008 0a.75.75 0 0 1 .102 1.493l-.102.007h-.5a.75.75 0 0 1-.101-1.493l.101-.007h.5Zm9.008-5a.75.75 0 0 1 .102 1.493l-.102.007H9.752a.75.75 0 0 1-.102-1.493l.102-.007h5.507Zm-9.008 0a.75.75 0 0 1 .102 1.493l-.102.007h-.5a.75.75 0 0 1-.101-1.493l.101-.007h.5Z" fill="currentColor" fill-rule="nonzero"></path></svg></span></button></div></div><div class="sc-d29e4bca-10 kelKLc"><div class="sc-d29e4bca-12 iEmMAf"> 2 för
                  </div><div class="sc-9270b5eb-0 eESqg" data-testid="product-price"><div class="sc-9270b5eb-1 kxcZnM"><span class="sc-9270b5eb-2 gIEzQM">45</span><span class="sc-9270b5eb-3 enMhbY"></span><div class="sc-9270b5eb-4 iSBFJY"><span class="sc-9270b5eb-5 kavxJt">00</span><span class="sc-9270b5eb-6 hTVqeQ"></span></div></div></div></div><div class="sc-d29e4bca-17 gDHIqT"></div><span type="news" class="sc-b7f8526d-0 kFCwxI">Nyhet!</span></div><div class="sc-d29e4bca-3 hybTXH"><div itemprop="name" class="sc-d29e4bca-5 dFbdab">Popsicles Green</div><div class="sc-d29e4bca-6 jcKBWw"><span itemprop="brand" class="sc-d29e4bca-7 ixEPqC">Dazzley</span></div><div class="sc-d29e4bca-6 jcKBWw"><span class="sc-d29e4bca-8 fjSfGP">10p</span></div><div class="sc-d29e4bca-4 hOVxrK"><div class="sc-d29e4bca-14 iOJJjG">Ordinarie pris 25,90 kr/st</div><div class="sc-d29e4bca-16 iKWolk">Jmf-pris 2,59 kr/st</div><div class="sc-d29e4bca-13 hRjtsf">Jmf-pris 2,25 kr/st</div></div><div class="sc-9f11aa96-1 gUcqVE" disabled=""><button title="Minska antal" type="button" disabled="" class="sc-9f11aa96-2 ZGibe"><span data-testid="icon-minus" class="sc-aa256264-1 bFmDBX" style="color:#949494"><svg xmlns="http://www.w3.org/2000/svg" width="16" height="16" viewBox="0 0 16 16"><path fill="currentColor" d="M15.25 7.25a.75.75 0 0 1 .102 1.493l-.102.007H.75a.75.75 0 0 1-.102-1.493L.75 7.25h14.5z"></path></svg></span></button><div class="sc-9f11aa96-4 iZqCTV"><div class="sc-19fa22dc-1 hRyfKT"><div class="sc-19fa22dc-6 MrpxB"></div><input name="quantity" type="text" maxlength="250" aria-label="Ändra produktantal" class="sc-19fa22dc-0 hPVmQo sc-9f11aa96-5 bJwNdv" value="0 st" disabled=""></div></div><button title="Öka antal" type="button" class="sc-9f11aa96-2 ZGibe" disabled=""><span data-testid="icon-plus" class="sc-aa256264-1 bFmDBX" style="color:#FFFFFF"><svg xmlns="http://www.w3.org/2000/svg" width="16" height="16" viewBox="0 0 16 16"><path fill="currentColor" d="M8 0a.75.75 0 0 1 .75.75v6.5h6.5a.75.75 0 0 1 0 1.5h-6.5v6.5a.75.75 0 0 1-1.5 0v-6.5H.75a.75.75 0 0 1 0-1.5h6.5V.75A.75.75 0 0 1 8 0Z"></path></svg></span></button></div></div><div itemprop="offers" itemtype="http://schema.org/Offer" itemscope=""><link itemprop="url" href="/produkt/Popsicles-Green-101469945_ST"><meta itemprop="availability" content="https://schema.org/InStock"><meta itemprop="priceCurrency" content="SEK"><meta itemprop="price" content="25,90"></div><meta itemprop="description" content="DAZZLEY, 10p"></div><div data-testid="product" class="sc-d29e4bca-0 jGOOKl" itemscope="" itemtype="https://schema.org/Product"><div class="sc-d29e4bca-2 lghUUL"><a class="sc-f1f2eb33-0 hzJRJT" href="/produkt/Salted-Caramel-101277242_ST"><div class="sc-d29e4bca-1 AneEd"><div class="sc-bc8bed15-0 AYuHp"><span style="box-sizing:border-box;display:inline-block;overflow:hidden;width:initial;height:initial;background:none;opacity:1;border:0;margin:0;padding:0;position:relative;max-width:100%"><span style="box-sizing:border-box;display:block;width:initial;height:initial;background:none;opacity:1;border:0;margin:0;padding:0;max-width:100%"><img style="display:block;max-width:100%;width:initial;height:initial;background:none;opacity:1;border:0;margin:0;padding:0" alt="" aria-hidden="true" src="data:image/svg+xml,%3csvg%20xmlns=%27http://www.w3.org/2000/svg%27%20version=%271.1%27%20width=%27132%27%20height=%27132%27/%3e"></span><img itemprop="image" src="data:image/gif;base64,R0lGODlhAQABAIAAAAAAAP///yH5BAEAAAAALAAAAAABAAEAAAIBRAA7" decoding="async" data-nimg="intrinsic" style="position:absolute;top:0;left:0;bottom:0;right:0;box-sizing:border-box;padding:0;border:none;margin:auto;display:block;width:0;height:0;min-width:100%;max-width:100%;min-height:100%;max-height:100%"><noscript><img itemProp="image" src="https://d2rfo6yapuixuu.cloudfront.net/h89/h23/13620182777886/3415581114928_1668520510432_master_axfood_300" decoding="async" data-nimg="intrinsic" style="position:absolute;top:0;left:0;bottom:0;right:0;box-sizing:border-box;padding:0;border:none;margin:auto;display:block;width:0;height:0;min-width:100%;max-width:100%;min-height:100%;max-height:100%" loading="lazy"/></noscript></span></div></div></a><div class="sc-d29e4bca-9 fQCUtu"><div class="sc-2ba9c6a8-0 iNQNDm"><button data-testid="add-to-list-button" class="sc-c5497fb8-0 iXJhuE sc-2ba9c6a8-2 fWarGq" type="button" title="Spara till lista"><span data-testid="icon" class="sc-aa256264-1 bFmDBX" style="color:#181818"><svg width="24" height="24" viewBox="0 0 24 24" xmlns="http://www.w3.org/2000/svg"><path d="M20 .018a.75.75 0 0 1 .743.648l.007.102V12a.75.75 0 0 1-1.493.102L19.25 12V1.518H1.513V22.5H12a.75.75 0 0 1 .743.649l.007.102a.75.75 0 0 1-.648.743L12 24H.763a.75.75 0 0 1-.743-.649l-.007-.101V.768A.75.75 0 0 1 .662.025L.763.018H20Zm.02 16.024a.75.75 0 0 1 .742.65l.007.103-.008 2.454 2.517.001a.75.75 0 0 1 .102 1.493l-.102.007h-2.522l-.006 2.503a.75.75 0 0 1-1.493.097l-.007-.102.006-2.499-2.497.001a.75.75 0 0 1-.101-1.493l.101-.007h2.502l.008-2.46a.75.75 0 0 1 .752-.748Zm-6.766.208a.75.75 0 0 1 .102 1.493l-.102.007H9.752a.75.75 0 0 1-.102-1.493l.102-.007h3.502Zm-7.003 0a.75.75 0 0 1 .102 1.493l-.102.007h-.5a.75.75 0 0 1-.101-1.493l.101-.007h.5Zm9.008-5a.75.75 0 0 1 .102 1.493l-.102.007H9.752a.75.75 0 0 1-.102-1.493l.102-.007h5.507Zm-9.008 0a.75.75 0 0 1 .102 1.493l-.102.007h-.5a.75.75 0 0 1-.101-1.493l.101-.007h.5Zm9.008-5a.75.75 0 0 1 .102 1.493l-.102.007H9.752a.75.75 0 0 1-.102-1.493l.102-.007h5.507Zm-9.008 0a.75.75 0 0 1 .102 1.493l-.102.007h-.5a.75.75 0 0 1-.101-1.493l.101-.007h.5Z" fill="currentColor" fill-rule="nonzero"></path></svg></span></button></div></div><div class="sc-d29e4bca-10 kelKLc"><div class="sc-d29e4bca-12 iEmMAf"> Spara 6,00 kr/st
                  </div><div class="sc-9270b5eb-0 eESqg" data-testid="product-price"><div class="sc-9270b5eb-1 kxcZnM"><span class="sc-9270b5eb-2 gIEzQM">46</span><span class="sc-9270b5eb-3 enMhbY"></span><div class="sc-9270b5eb-4 iSBFJY"><span class="sc-9270b5eb-5 kavxJt">90</span><span class="sc-9270b5eb-6 hTVqeQ">/st</span></div></div></div></div><div class="sc-d29e4bca-17 gDHIqT"></div></div><div class="sc-d29e4bca-3 hybTXH"><div itemprop="name" class="sc-d29e4bca-5 dFbdab">Salted Caramel</div><div class="sc-d29e4bca-6 jcKBWw"><span itemprop="brand" class="sc-d29e4bca-7 ixEPqC">Häagen-dazs</span></div><div class="sc-d29e4bca-6 jcKBWw"><span class="sc-d29e4bca-8 fjSfGP">0,46l</span></div><div class="sc-d29e4bca-4 hOVxrK"><div class="sc-d29e4bca-14 iOJJjG">Ordinarie pris 52,90 kr/st</div><div class="sc-d29e4bca-16 iKWolk">Jmf-pris 115,00 kr/l</div><div class="sc-d29e4bca-13 hRjtsf">Jmf-pris 101,96 kr/l</div></div><div class="sc-9f11aa96-1 gUcqVE" disabled=""><button title="Minska antal" type="button" disabled="" class="sc-9f11aa96-2 ZGibe"><span data-testid="icon-minus" class="sc-aa256264-1 bFmDBX" style="color:#949494"><svg xmlns="http://www.w3.org/2000/svg" width="16" height="16" viewBox="0 0 16 16"><path fill="currentColor" d="M15.25 7.25a.75.75 0 0 1 .102 1.493l-.102.007H.75a.75.75 0 0 1-.102-1.493L.75 7.25h14.5z"></path></svg></span></button><div class="sc-9f11aa96-4 iZqCTV"><div class="sc-19fa22dc-1 hRyfKT"><div class="sc-19fa22dc-6 MrpxB"></div><input name="quantity" type="text" maxlength="250" aria-label="Ändra produktantal" class="sc-19fa22dc-0 hPVmQo sc-9f11aa96-5 bJwNdv" value="0 st" disabled=""></div></div><button title="Öka antal" type="button" class="sc-9f11aa96-2 ZGibe" disabled=""><span data-testid="icon-plus" class="sc-aa256264-1 bFmDBX" style="color:#FFFFFF"><svg xmlns="http://www.w3.org/2000/svg" width="16" height="16" viewBox="0 0 16 16"><path fill="currentColor" d="M8 0a.75.75 0 0 1 .75.75v6.5h6.5a.75.75 0 0 1 0 1.5h-6.5v6.5a.75.75 0 0 1-1.5 0v-6.5H.75a.75.75 0 0 1 0-1.5h6.5V.75A.75.75 0 0 1 8 0Z"></path></svg></span></button></div></div><div itemprop="offers" itemtype="http://schema.org/Offer" itemscope=""><link itemprop="url" href="/produkt/Salted-Caramel-101277242_ST"><meta itemprop="availability" content="https://schema.org/InStock"><meta itemprop="priceCurrency" content="SEK"><meta itemprop="price" content="52,90"></div><meta itemprop="description" content="HÄAGEN-DAZS, 0,46l"></div><div data-testid="product" class="sc-d29e4bca-0 jGOOKl" itemscope="" itemtype="https://schema.org/Product"><div class="sc-d29e4bca-2 lghUUL"><a class="sc-f1f2eb33-0 hzJRJT" href="/produkt/Strawberries-och-Cream-101277269_ST"><div class="sc-d29e4bca-1 AneEd"><div class="sc-bc8bed15-0 AYuHp"><span style="box-sizing:border-box;display:inline-block;overflow:hidden;width:initial;height:initial;background:none;opacity:1;border:0;margin:0;padding:0;position:relative;max-width:100%"><span style="box-sizing:border-box;display:block;width:initial;height:initial;background:none;opacity:1;border:0;margin:0;padding:0;max-width:100%"><img style="display:block;max-width:100%;width:initial;height:initial;background:none;opacity:1;border:0;margin:0;padding:0" alt="" aria-hidden="true" src="data:image/svg+xml,%3csvg%20xmlns=%27http://www.w3.org/2000/svg%27%20version=%271.1%27%20width=%27132%27%20height=%27132%27/%3e"></span><img itemprop="image" src="data:image/gif;base64,R0lGODlhAQABAIAAAAAAAP///yH5BAEAAAAALAAAAAABAAEAAAIBRAA7" decoding="async" data-nimg="intrinsic" style="position:absolute;top:0;left:0;bottom:0;right:0;box-sizing:border-box;padding:0;border:none;margin:auto;display:block;width:0;height:0;min-width:100%;max-width:100%;min-height:100%;max-height:100%"><noscript><img itemProp="image" src="https://d2rfo6yapuixuu.cloudfront.net/hb2/hfa/13620189397022/3415581105926_1668523806802_master_axfood_300" decoding="async" data-nimg="intrinsic" style="position:absolute;top:0;left:0;bottom:0;right:0;box-sizing:border-box;padding:0;border:none;margin:auto;display:block;width:0;height:0;min-width:100%;max-width:100%;min-height:100%;max-height:100%" loading="lazy"/></noscript></span></div></div></a><div class="sc-d29e4bca-9 fQCUtu"><div class="sc-2ba9c6a8-0 iNQNDm"><button data-testid="add-to-list-button" class="sc-c5497fb8-0 iXJhuE sc-2ba9c6a8-2 fWarGq" type="button" title="Spara till lista"><span data-testid="icon" class="sc-aa256264-1 bFmDBX" style="color:#181818"><svg width="24" height="24" viewBox="0 0 24 24" xmlns="http://www.w3.org/2000/svg"><path d="M20 .018a.75.75 0 0 1 .743.648l.007.102V12a.75.75 0 0 1-1.493.102L19.25 12V1.518H1.513V22.5H12a.75.75 0 0 1 .743.649l.007.102a.75.75 0 0 1-.648.743L12 24H.763a.75.75 0 0 1-.743-.649l-.007-.101V.768A.75.75 0 0 1 .662.025L.763.018H20Zm.02 16.024a.75.75 0 0 1 .742.65l.007.103-.008 2.454 2.517.001a.75.75 0 0 1 .102 1.493l-.102.007h-2.522l-.006 2.503a.75.75 0 0 1-1.493.097l-.007-.102.006-2.499-2.497.001a.75.75 0 0 1-.101-1.493l.101-.007h2.502l.008-2.46a.75.75 0 0 1 .752-.748Zm-6.766.208a.75.75 0 0 1 .102 1.493l-.102.007H9.752a.75.75 0 0 1-.102-1.493l.102-.007h3.502Zm-7.003 0a.75.75 0 0 1 .102 1.493l-.102.007h-.5a.75.75 0 0 1-.101-1.493l.101-.007h.5Zm9.008-5a.75.75 0 0 1 .102 1.493l-.102.007H9.752a.75.75 0 0 1-.102-1.493l.102-.007h5.507Zm-9.008 0a.75.75 0 0 1 .102 1.493l-.102.007h-.5a.75.75 0 0 1-.101-1.493l.101-.007h.5Zm9.008-5a.75.75 0 0 1 .102 1.493l-.102.007H9.752a.75.75 0 0 1-.102-1.493l.102-.007h5.507Zm-9.008 0a.75.75 0 0 1 .102 1.493l-.102.007h-.5a.75.75 0 0 1-.101-1.493l.101-.007h.5Z" fill="currentColor" fill-rule="nonzero"></path></svg></span></button></div></div><div class="sc-d29e4bca-10 kelKLc"><div class="sc-d29e4bca-12 iEmMAf"> Spara 6,00 kr/st
                  </div><div class="sc-9270b5eb-0 eESqg" data-testid="product-price"><div class="sc-9270b5eb-1 kxcZnM"><span class="sc-9270b5eb-2 gIEzQM">46</span><span class="sc-9270b5eb-3 enMhbY"></span><div class="sc-9270b5eb-4 iSBFJY"><span class="sc-9270b5eb-5 kavxJt">90</span><span class="sc-9270b5eb-6 hTVqeQ">/st</span></div></div></div></div><div class="sc-d29e4bca-17 gDHIqT"></div></div><div class="sc-d29e4bca-3 hybTXH"><div itemprop="name" class="sc-d29e4bca-5 dFbdab">Strawberries &amp; Cream</div><div class="sc-d29e4bca-6 jcKBWw"><span itemprop="brand" class="sc-d29e4bca-7 ixEPqC">Häagen-dazs</span></div><div class="sc-d29e4bca-6 jcKBWw"><span class="sc-d29e4bca-8 fjSfGP">0,46l</span></div><div class="sc-d29e4bca-4 hOVxrK"><div class="sc-d29e4bca-14 iOJJjG">Ordinarie pris 52,90 kr/st</div><div class="sc-d29e4bca-16 iKWolk">Jmf-pris 115,00 kr/l</div><div class="sc-d29e4bca-13 hRjtsf">Jmf-pris 101,96 kr/l</div></div><div class="sc-9f11aa96-1 gUcqVE" disabled=""><button title="Minska antal" type="button" disabled="" class="sc-9f11aa96-2 ZGibe"><span data-testid="icon-minus" class="sc-aa256264-1 bFmDBX" style="color:#949494"><svg xmlns="http://www.w3.org/2000/svg" width="16" height="16" viewBox="0 0 16 16"><path fill="currentColor" d="M15.25 7.25a.75.75 0 0 1 .102 1.493l-.102.007H.75a.75.75 0 0 1-.102-1.493L.75 7.25h14.5z"></path></svg></span></button><div class="sc-9f11aa96-4 iZqCTV"><div class="sc-19fa22dc-1 hRyfKT"><div class="sc-19fa22dc-6 MrpxB"></div><input name="quantity" type="text" maxlength="250" aria-label="Ändra produktantal" class="sc-19fa22dc-0 hPVmQo sc-9f11aa96-5 bJwNdv" value="0 st" disabled=""></div></div><button title="Öka antal" type="button" class="sc-9f11aa96-2 ZGibe" disabled=""><span data-testid="icon-plus" class="sc-aa256264-1 bFmDBX" style="color:#FFFFFF"><svg xmlns="http://www.w3.org/2000/svg" width="16" height="16" viewBox="0 0 16 16"><path fill="currentColor" d="M8 0a.75.75 0 0 1 .75.75v6.5h6.5a.75.75 0 0 1 0 1.5h-6.5v6.5a.75.75 0 0 1-1.5 0v-6.5H.75a.75.75 0 0 1 0-1.5h6.5V.75A.75.75 0 0 1 8 0Z"></path></svg></span></button></div></div><div itemprop="offers" itemtype="http://schema.org/Offer" itemscope=""><link itemprop="url" href="/produkt/Strawberries-och-Cream-101277269_ST"><meta itemprop="availability" content="https://schema.org/InStock"><meta itemprop="priceCurrency" content="SEK"><meta itemprop="price" content="52,90"></div><meta itemprop="description" content="HÄAGEN-DAZS, 0,46l"></div><div data-testid="product" class="sc-d29e4bca-0 jGOOKl" itemscope="" itemtype="https://schema.org/Product"><div class="sc-d29e4bca-2 lghUUL"><a class="sc-f1f2eb33-0 hzJRJT" href="/produkt/Vanilla-101277249_ST"><div class="sc-d29e4bca-1 AneEd"><div class="sc-bc8bed15-0 AYuHp"><span style="box-sizing:border-box;display:inline-block;overflow:hidden;width:initial;height:initial;background:none;opacity:1;border:0;margin:0;padding:0;position:relative;max-width:100%"><span style="box-sizing:border-box;display:block;width:initial;height:initial;background:none;opacity:1;border:0;margin:0;padding:0;max-width:100%"><img style="display:block;max-width:100%;width:initial;height:initial;background:none;opacity:1;border:0;margin:0;padding:0" alt="" aria-hidden="true" src="data:image/svg+xml,%3csvg%20xmlns=%27http://www.w3.org/2000/svg%27%20version=%271.1%27%20width=%27132%27%20height=%27132%27/%3e"></span><img itemprop="image" src="data:image/gif;base64,R0lGODlhAQABAIAAAAAAAP///yH5BAEAAAAALAAAAAABAAEAAAIBRAA7" decoding="async" data-nimg="intrinsic" style="position:absolute;top:0;left:0;bottom:0;right:0;box-sizing:border-box;padding:0;border:none;margin:auto;display:block;width:0;height:0;min-width:100%;max-width:100%;min-height:100%;max-height:100%"><noscript><img itemProp="image" src="https://d2rfo6yapuixuu.cloudfront.net/h0d/h19/13620182450206/3415581101928_1668520508583_master_axfood_300" decoding="async" data-nimg="intrinsic" style="position:absolute;top:0;left:0;bottom:0;right:0;box-sizing:border-box;padding:0;border:none;margin:auto;display:block;width:0;height:0;min-width:100%;max-width:100%;min-height:100%;max-height:100%" loading="lazy"/></noscript></span></div></div></a><div class="sc-d29e4bca-9 fQCUtu"><div class="sc-2ba9c6a8-0 iNQNDm"><button data-testid="add-to-list-button" class="sc-c5497fb8-0 iXJhuE sc-2ba9c6a8-2 fWarGq" type="button" title="Spara till lista"><span data-testid="icon" class="sc-aa256264-1 bFmDBX" style="color:#181818"><svg width="24" height="24" viewBox="0 0 24 24" xmlns="http://www.w3.org/2000/svg"><path d="M20 .018a.75.75 0 0 1 .743.648l.007.102V12a.75.75 0 0 1-1.493.102L19.25 12V1.518H1.513V22.5H12a.75.75 0 0 1 .743.649l.007.102a.75.75 0 0 1-.648.743L12 24H.763a.75.75 0 0 1-.743-.649l-.007-.101V.768A.75.75 0 0 1 .662.025L.763.018H20Zm.02 16.024a.75.75 0 0 1 .742.65l.007.103-.008 2.454 2.517.001a.75.75 0 0 1 .102 1.493l-.102.007h-2.522l-.006 2.503a.75.75 0 0 1-1.493.097l-.007-.102.006-2.499-2.497.001a.75.75 0 0 1-.101-1.493l.101-.007h2.502l.008-2.46a.75.75 0 0 1 .752-.748Zm-6.766.208a.75.75 0 0 1 .102 1.493l-.102.007H9.752a.75.75 0 0 1-.102-1.493l.102-.007h3.502Zm-7.003 0a.75.75 0 0 1 .102 1.493l-.102.007h-.5a.75.75 0 0 1-.101-1.493l.101-.007h.5Zm9.008-5a.75.75 0 0 1 .102 1.493l-.102.007H9.752a.75.75 0 0 1-.102-1.493l.102-.007h5.507Zm-9.008 0a.75.75 0 0 1 .102 1.493l-.102.007h-.5a.75.75 0 0 1-.101-1.493l.101-.007h.5Zm9.008-5a.75.75 0 0 1 .102 1.493l-.102.007H9.752a.75.75 0 0 1-.102-1.493l.102-.007h5.507Zm-9.008 0a.75.75 0 0 1 .102 1.493l-.102.007h-.5a.75.75 0 0 1-.101-1.493l.101-.007h.5Z" fill="currentColor" fill-rule="nonzero"></path></svg></span></button></div></div><div class="sc-d29e4bca-10 kelKLc"><div class="sc-d29e4bca-12 iEmMAf"> Spara 6,00 kr/st
                  </div><div class="sc-9270b5eb-0 eESqg" data-testid="product-price"><div class="sc-9270b5eb-1 kxcZnM"><span class="sc-9270b5eb-2 gIEzQM">46</span><span class="sc-9270b5eb-3 enMhbY"></span><div class="sc-9270b5eb-4 iSBFJY"><span class="sc-9270b5eb-5 kavxJt">90</span><span class="sc-9270b5eb-6 hTVqeQ">/st</span></div></div></div></div><div class="sc-d29e4bca-17 gDHIqT"></div></div><div class="sc-d29e4bca-3 hybTXH"><div itemprop="name" class="sc-d29e4bca-5 dFbdab">Vanilla</div><div class="sc-d29e4bca-6 jcKBWw"><span itemprop="brand" class="sc-d29e4bca-7 ixEPqC">Häagen-dazs</span></div><div class="sc-d29e4bca-6 jcKBWw"><span class="sc-d29e4bca-8 fjSfGP">0,46l</span></div><div class="sc-d29e4bca-4 hOVxrK"><div class="sc-d29e4bca-14 iOJJjG">Ordinarie pris 52,90 kr/st</div><div class="sc-d29e4bca-16 iKWolk">Jmf-pris 115,00 kr/l</div><div class="sc-d29e4bca-13 hRjtsf">Jmf-pris 101,96 kr/l</div></div><div class="sc-9f11aa96-1 gUcqVE" disabled=""><button title="Minska antal" type="button" disabled="" class="sc-9f11aa96-2 ZGibe"><span data-testid="icon-minus" class="sc-aa256264-1 bFmDBX" style="color:#949494"><svg xmlns="http://www.w3.org/2000/svg" width="16" height="16" viewBox="0 0 16 16"><path fill="currentColor" d="M15.25 7.25a.75.75 0 0 1 .102 1.493l-.102.007H.75a.75.75 0 0 1-.102-1.493L.75 7.25h14.5z"></path></svg></span></button><div class="sc-9f11aa96-4 iZqCTV"><div class="sc-19fa22dc-1 hRyfKT"><div class="sc-19fa22dc-6 MrpxB"></div><input name="quantity" type="text" maxlength="250" aria-label="Ändra produktantal" class="sc-19fa22dc-0 hPVmQo sc-9f11aa96-5 bJwNdv" value="0 st" disabled=""></div></div><button title="Öka antal" type="button" class="sc-9f11aa96-2 ZGibe" disabled=""><span data-testid="icon-plus" class="sc-aa256264-1 bFmDBX" style="color:#FFFFFF"><svg xmlns="http://www.w3.org/2000/svg" width="16" height="16" viewBox="0 0 16 16"><path fill="currentColor" d="M8 0a.75.75 0 0 1 .75.75v6.5h6.5a.75.75 0 0 1 0 1.5h-6.5v6.5a.75.75 0 0 1-1.5 0v-6.5H.75a.75.75 0 0 1 0-1.5h6.5V.75A.75.75 0 0 1 8 0Z"></path></svg></span></button></div></div><div itemprop="offers" itemtype="http://schema.org/Offer" itemscope=""><link itemprop="url" href="/produkt/Vanilla-101277249_ST"><meta itemprop="availability" content="https://schema.org/InStock"><meta itemprop="priceCurrency" content="SEK"><meta itemprop="price" content="52,90"></div><meta itemprop="description" content="HÄAGEN-DAZS, 0,46l"></div><div data-testid="product" class="sc-d29e4bca-0 jGOOKl" itemscope="" itemtype="https://schema.org/Product"><div class="sc-d29e4bca-2 lghUUL"><a class="sc-f1f2eb33-0 hzJRJT" href="/produkt/Macadamia-Nut-Brittle-Glass-101290092_ST"><div class="sc-d29e4bca-1 AneEd"><div class="sc-bc8bed15-0 AYuHp"><span style="box-sizing:border-box;display:inline-block;overflow:hidden;width:initial;height:initial;background:none;opacity:1;border:0;margin:0;padding:0;position:relative;max-width:100%"><span style="box-sizing:border-box;display:block;width:initial;height:initial;background:none;opacity:1;border:0;margin:0;padding:0;max-width:100%"><img style="display:block;max-width:100%;width:initial;height:initial;background:none;opacity:1;border:0;margin:0;padding:0" alt="" aria-hidden="true" src="data:image/svg+xml,%3csvg%20xmlns=%27http://www.w3.org/2000/svg%27%20version=%271.1%27%20width=%27132%27%20height=%27132%27/%3e"></span><img itemprop="image" src="data:image/gif;base64,R0lGODlhAQABAIAAAAAAAP///yH5BAEAAAAALAAAAAABAAEAAAIBRAA7" decoding="async" data-nimg="intrinsic" style="position:absolute;top:0;left:0;bottom:0;right:0;box-sizing:border-box;padding:0;border:none;margin:auto;display:block;width:0;height:0;min-width:100%;max-width:100%;min-height:100%;max-height:100%"><noscript><img itemProp="image" src="https://d2rfo6yapuixuu.cloudfront.net/hdf/h18/13620190576670/3415581122022_1668524107899_master_axfood_300" decoding="async" data-nimg="intrinsic" style="position:absolute;top:0;left:0;bottom:0;right:0;box-sizing:border-box;padding:0;border:none;margin:auto;display:block;width:0;height:0;min-width:100%;max-width:100%;min-height:100%;max-height:100%" loading="lazy"/></noscript></span></div></div></a><div class="sc-d29e4bca-9 fQCUtu"><div class="sc-2ba9c6a8-0 iNQNDm"><button data-testid="add-to-list-button" class="sc-c5497fb8-0 iXJhuE sc-2ba9c6a8-2 fWarGq" type="button" title="Spara till lista"><span data-testid="icon" class="sc-aa256264-1 bFmDBX" style="color:#181818"><svg width="24" height="24" viewBox="0 0 24 24" xmlns="http://www.w3.org/2000/svg"><path d="M20 .018a.75.75 0 0 1 .743.648l.007.102V12a.75.75 0 0 1-1.493.102L19.25 12V1.518H1.513V22.5H12a.75.75 0 0 1 .743.649l.007.102a.75.75 0 0 1-.648.743L12 24H.763a.75.75 0 0 1-.743-.649l-.007-.101V.768A.75.75 0 0 1 .662.025L.763.018H20Zm.02 16.024a.75.75 0 0 1 .742.65l.007.103-.008 2.454 2.517.001a.75.75 0 0 1 .102 1.493l-.102.007h-2.522l-.006 2.503a.75.75 0 0 1-1.493.097l-.007-.102.006-2.499-2.497.001a.75.75 0 0 1-.101-1.493l.101-.007h2.502l.008-2.46a.75.75 0 0 1 .752-.748Zm-6.766.208a.75.75 0 0 1 .102 1.493l-.102.007H9.752a.75.75 0 0 1-.102-1.493l.102-.007h3.502Zm-7.003 0a.75.75 0 0 1 .102 1.493l-.102.007h-.5a.75.75 0 0 1-.101-1.493l.101-.007h.5Zm9.008-5a.75.75 0 0 1 .102 1.493l-.102.007H9.752a.75.75 0 0 1-.102-1.493l.102-.007h5.507Zm-9.008 0a.75.75 0 0 1 .102 1.493l-.102.007h-.5a.75.75 0 0 1-.101-1.493l.101-.007h.5Zm9.008-5a.75.75 0 0 1 .102 1.493l-.102.007H9.752a.75.75 0 0 1-.102-1.493l.102-.007h5.507Zm-9.008 0a.75.75 0 0 1 .102 1.493l-.102.007h-.5a.75.75 0 0 1-.101-1.493l.101-.007h.5Z" fill="currentColor" fill-rule="nonzero"></path></svg></span></button></div></div><div class="sc-d29e4bca-10 kelKLc"><div class="sc-d29e4bca-12 iEmMAf"> Spara 6,00 kr/st
                  </div><div class="sc-9270b5eb-0 eESqg" data-testid="product-price"><div class="sc-9270b5eb-1 kxcZnM"><span class="sc-9270b5eb-2 gIEzQM">46</span><span class="sc-9270b5eb-3 enMhbY"></span><div class="sc-9270b5eb-4 iSBFJY"><span class="sc-9270b5eb-5 kavxJt">90</span><span class="sc-9270b5eb-6 hTVqeQ">/st</span></div></div></div></div><div class="sc-d29e4bca-17 gDHIqT"></div></div><div class="sc-d29e4bca-3 hybTXH"><div itemprop="name" class="sc-d29e4bca-5 dFbdab">Macadamia Nut Brittle Glass</div><div class="sc-d29e4bca-6 jcKBWw"><span itemprop="brand" class="sc-d29e4bca-7 ixEPqC">Häagen-dazs</span></div><div class="sc-d29e4bca-6 jcKBWw"><span class="sc-d29e4bca-8 fjSfGP">0.46l</span></div><div class="sc-d29e4bca-4 hOVxrK"><div class="sc-d29e4bca-14 iOJJjG">Ordinarie pris 52,90 kr/st</div><div class="sc-d29e4bca-16 iKWolk">Jmf-pris 115,00 kr/l</div><div class="sc-d29e4bca-13 hRjtsf">Jmf-pris 101,96 kr/l</div></div><div class="sc-9f11aa96-1 gUcqVE" disabled=""><button title="Minska antal" type="button" disabled="" class="sc-9f11aa96-2 ZGibe"><span data-testid="icon-minus" class="sc-aa256264-1 bFmDBX" style="color:#949494"><svg xmlns="http://www.w3.org/2000/svg" width="16" height="16" viewBox="0 0 16 16"><path fill="currentColor" d="M15.25 7.25a.75.75 0 0 1 .102 1.493l-.102.007H.75a.75.75 0 0 1-.102-1.493L.75 7.25h14.5z"></path></svg></span></button><div class="sc-9f11aa96-4 iZqCTV"><div class="sc-19fa22dc-1 hRyfKT"><div class="sc-19fa22dc-6 MrpxB"></div><input name="quantity" type="text" maxlength="250" aria-label="Ändra produktantal" class="sc-19fa22dc-0 hPVmQo sc-9f11aa96-5 bJwNdv" value="0 st" disabled=""></div></div><button title="Öka antal" type="button" class="sc-9f11aa96-2 ZGibe" disabled=""><span data-testid="icon-plus" class="sc-aa256264-1 bFmDBX" style="color:#FFFFFF"><svg xmlns="http://www.w3.org/2000/svg" width="16" height="16" viewBox="0 0 16 16"><path fill="currentColor" d="M8 0a.75.75 0 0 1 .75.75v6.5h6.5a.75.75 0 0 1 0 1.5h-6.5v6.5a.75.75 0 0 1-1.5 0v-6.5H.75a.75.75 0 0 1 0-1.5h6.5V.75A.75.75 0 0 1 8 0Z"></path></svg></span></button></div></div><div itemprop="offers" itemtype="http://schema.org/Offer" itemscope=""><link itemprop="url" href="/produkt/Macadamia-Nut-Brittle-Glass-101290092_ST"><meta itemprop="availability" content="https://schema.org/InStock"><meta itemprop="priceCurrency" content="SEK"><meta itemprop="price" content="52,90"></div><meta itemprop="description" content="HÄAGEN-DAZS, 0.46l"></div><div data-testid="product" class="sc-d29e4bca-0 jGOOKl" itemscope="" itemtype="https://schema.org/Product"><div class="sc-d29e4bca-2 lghUUL"><a class="sc-f1f2eb33-0 hzJRJT" href="/produkt/Belgian-Chocolate-101277252_ST"><div class="sc-d29e4bca-1 AneEd"><div class="sc-bc8bed15-0 AYuHp"><span style="box-sizing:border-box;display:inline-block;overflow:hidden;width:initial;height:initial;background:none;opacity:1;border:0;margin:0;padding:0;position:relative;max-width:100%"><span style="box-sizing:border-box;display:block;width:initial;height:initial;background:none;opacity:1;border:0;margin:0;padding:0;max-width:100%"><img style="display:block;max-width:100%;width:initial;height:initial;background:none;opacity:1;border:0;margin:0;padding:0" alt="" aria-hidden="true" src="data:image/svg+xml,%3csvg%20xmlns=%27http://www.w3.org/2000/svg%27%20version=%271.1%27%20width=%27132%27%20height=%27132%27/%3e"></span><img itemprop="image" src="data:image/gif;base64,R0lGODlhAQABAIAAAAAAAP///yH5BAEAAAAALAAAAAABAAEAAAIBRAA7" decoding="async" data-nimg="intrinsic" style="position:absolute;top:0;left:0;bottom:0;right:0;box-sizing:border-box;padding:0;border:none;margin:auto;display:block;width:0;height:0;min-width:100%;max-width:100%;min-height:100%;max-height:100%"><noscript><img itemProp="image" src="https://d2rfo6yapuixuu.cloudfront.net/h29/hc5/11296649969694/3415581113921_1614680760225_master_axfood_300" decoding="async" data-nimg="intrinsic" style="position:absolute;top:0;left:0;bottom:0;right:0;box-sizing:border-box;padding:0;border:none;margin:auto;display:block;width:0;height:0;min-width:100%;max-width:100%;min-height:100%;max-height:100%" loading="lazy"/></noscript></span></div></div></a><div class="sc-d29e4bca-9 fQCUtu"><div class="sc-2ba9c6a8-0 iNQNDm"><button data-testid="add-to-list-button" class="sc-c5497fb8-0 iXJhuE sc-2ba9c6a8-2 fWarGq" type="button" title="Spara till lista"><span data-testid="icon" class="sc-aa256264-1 bFmDBX" style="color:#181818"><svg width="24" height="24" viewBox="0 0 24 24" xmlns="http://www.w3.org/2000/svg"><path d="M20 .018a.75.75 0 0 1 .743.648l.007.102V12a.75.75 0 0 1-1.493.102L19.25 12V1.518H1.513V22.5H12a.75.75 0 0 1 .743.649l.007.102a.75.75 0 0 1-.648.743L12 24H.763a.75.75 0 0 1-.743-.649l-.007-.101V.768A.75.75 0 0 1 .662.025L.763.018H20Zm.02 16.024a.75.75 0 0 1 .742.65l.007.103-.008 2.454 2.517.001a.75.75 0 0 1 .102 1.493l-.102.007h-2.522l-.006 2.503a.75.75 0 0 1-1.493.097l-.007-.102.006-2.499-2.497.001a.75.75 0 0 1-.101-1.493l.101-.007h2.502l.008-2.46a.75.75 0 0 1 .752-.748Zm-6.766.208a.75.75 0 0 1 .102 1.493l-.102.007H9.752a.75.75 0 0 1-.102-1.493l.102-.007h3.502Zm-7.003 0a.75.75 0 0 1 .102 1.493l-.102.007h-.5a.75.75 0 0 1-.101-1.493l.101-.007h.5Zm9.008-5a.75.75 0 0 1 .102 1.493l-.102.007H9.752a.75.75 0 0 1-.102-1.493l.102-.007h5.507Zm-9.008 0a.75.75 0 0 1 .102 1.493l-.102.007h-.5a.75.75 0 0 1-.101-1.493l.101-.007h.5Zm9.008-5a.75.75 0 0 1 .102 1.493l-.102.007H9.752a.75.75 0 0 1-.102-1.493l.102-.007h5.507Zm-9.008 0a.75.75 0 0 1 .102 1.493l-.102.007h-.5a.75.75 0 0 1-.101-1.493l.101-.007h.5Z" fill="currentColor" fill-rule="nonzero"></path></svg></span></button></div></div><div class="sc-d29e4bca-10 kelKLc"><div class="sc-d29e4bca-12 iEmMAf"> Spara 6,00 kr/st
                  </div><div class="sc-9270b5eb-0 eESqg" data-testid="product-price"><div class="sc-9270b5eb-1 kxcZnM"><span class="sc-9270b5eb-2 gIEzQM">46</span><span class="sc-9270b5eb-3 enMhbY"></span><div class="sc-9270b5eb-4 iSBFJY"><span class="sc-9270b5eb-5 kavxJt">90</span><span class="sc-9270b5eb-6 hTVqeQ">/st</span></div></div></div></div><div class="sc-d29e4bca-17 gDHIqT"></div></div><div class="sc-d29e4bca-3 hybTXH"><div itemprop="name" class="sc-d29e4bca-5 dFbdab">Belgian Chocolate</div><div class="sc-d29e4bca-6 jcKBWw"><span itemprop="brand" class="sc-d29e4bca-7 ixEPqC">Häagen-dazs</span></div><div class="sc-d29e4bca-6 jcKBWw"><span class="sc-d29e4bca-8 fjSfGP">0,46l</span></div><div class="sc-d29e4bca-4 hOVxrK"><div class="sc-d29e4bca-14 iOJJjG">Ordinarie pris 52,90 kr/st</div><div class="sc-d29e4bca-16 iKWolk">Jmf-pris 115,00 kr/l</div><div class="sc-d29e4bca-13 hRjtsf">Jmf-pris 101,96 kr/l</div></div><div class="sc-9f11aa96-1 gUcqVE" disabled=""><button title="Minska antal" type="button" disabled="" class="sc-9f11aa96-2 ZGibe"><span data-testid="icon-minus" class="sc-aa256264-1 bFmDBX" style="color:#949494"><svg xmlns="http://www.w3.org/2000/svg" width="16" height="16" viewBox="0 0 16 16"><path fill="currentColor" d="M15.25 7.25a.75.75 0 0 1 .102 1.493l-.102.007H.75a.75.75 0 0 1-.102-1.493L.75 7.25h14.5z"></path></svg></span></button><div class="sc-9f11aa96-4 iZqCTV"><div class="sc-19fa22dc-1 hRyfKT"><div class="sc-19fa22dc-6 MrpxB"></div><input name="quantity" type="text" maxlength="250" aria-label="Ändra produktantal" class="sc-19fa22dc-0 hPVmQo sc-9f11aa96-5 bJwNdv" value="0 st" disabled=""></div></div><button title="Öka antal" type="button" class="sc-9f11aa96-2 ZGibe" disabled=""><span data-testid="icon-plus" class="sc-aa256264-1 bFmDBX" style="color:#FFFFFF"><svg xmlns="http://www.w3.org/2000/svg" width="16" height="16" viewBox="0 0 16 16"><path fill="currentColor" d="M8 0a.75.75 0 0 1 .75.75v6.5h6.5a.75.75 0 0 1 0 1.5h-6.5v6.5a.75.75 0 0 1-1.5 0v-6.5H.75a.75.75 0 0 1 0-1.5h6.5V.75A.75.75 0 0 1 8 0Z"></path></svg></span></button></div></div><div itemprop="offers" itemtype="http://schema.org/Offer" itemscope=""><link itemprop="url" href="/produkt/Belgian-Chocolate-101277252_ST"><meta itemprop="availability" content="https://schema.org/InStock"><meta itemprop="priceCurrency" content="SEK"><meta itemprop="price" content="52,90"></div><meta itemprop="description" content="HÄAGEN-DAZS, 0,46l"></div><div data-testid="product" class="sc-d29e4bca-0 jGOOKl" itemscope="" itemtype="https://schema.org/Product"><div class="sc-d29e4bca-2 lghUUL"><a class="sc-f1f2eb33-0 hzJRJT" href="/produkt/Duo-Belgian-Chocolate-och-Vanilla-Glass-101335421_ST"><div class="sc-d29e4bca-1 AneEd"><div class="sc-bc8bed15-0 AYuHp"><span style="box-sizing:border-box;display:inline-block;overflow:hidden;width:initial;height:initial;background:none;opacity:1;border:0;margin:0;padding:0;position:relative;max-width:100%"><span style="box-sizing:border-box;display:block;width:initial;height:initial;background:none;opacity:1;border:0;margin:0;padding:0;max-width:100%"><img style="display:block;max-width:100%;width:initial;height:initial;background:none;opacity:1;border:0;margin:0;padding:0" alt="" aria-hidden="true" src="data:image/svg+xml,%3csvg%20xmlns=%27http://www.w3.org/2000/svg%27%20version=%271.1%27%20width=%27132%27%20height=%27132%27/%3e"></span><img itemprop="image" src="data:image/gif;base64,R0lGODlhAQABAIAAAAAAAP///yH5BAEAAAAALAAAAAABAAEAAAIBRAA7" decoding="async" data-nimg="intrinsic" style="position:absolute;top:0;left:0;bottom:0;right:0;box-sizing:border-box;padding:0;border:none;margin:auto;display:block;width:0;height:0;min-width:100%;max-width:100%;min-height:100%;max-height:100%"><noscript><img itemProp="image" src="https://d2rfo6yapuixuu.cloudfront.net/h87/h85/13620191625246/3415582300924_1668524114894_master_axfood_300" decoding="async" data-nimg="intrinsic" style="position:absolute;top:0;left:0;bottom:0;right:0;box-sizing:border-box;padding:0;border:none;margin:auto;display:block;width:0;height:0;min-width:100%;max-width:100%;min-height:100%;max-height:100%" loading="lazy"/></noscript></span></div></div></a><div class="sc-d29e4bca-9 fQCUtu"><div class="sc-2ba9c6a8-0 iNQNDm"><button data-testid="add-to-list-button" class="sc-c5497fb8-0 iXJhuE sc-2ba9c6a8-2 fWarGq" type="button" title="Spara till lista"><span data-testid="icon" class="sc-aa256264-1 bFmDBX" style="color:#181818"><svg width="24" height="24" viewBox="0 0 24 24" xmlns="http://www.w3.org/2000/svg"><path d="M20 .018a.75.75 0 0 1 .743.648l.007.102V12a.75.75 0 0 1-1.493.102L19.25 12V1.518H1.513V22.5H12a.75.75 0 0 1 .743.649l.007.102a.75.75 0 0 1-.648.743L12 24H.763a.75.75 0 0 1-.743-.649l-.007-.101V.768A.75.75 0 0 1 .662.025L.763.018H20Zm.02 16.024a.75.75 0 0 1 .742.65l.007.103-.008 2.454 2.517.001a.75.75 0 0 1 .102 1.493l-.102.007h-2.522l-.006 2.503a.75.75 0 0 1-1.493.097l-.007-.102.006-2.499-2.497.001a.75.75 0 0 1-.101-1.493l.101-.007h2.502l.008-2.46a.75.75 0 0 1 .752-.748Zm-6.766.208a.75.75 0 0 1 .102 1.493l-.102.007H9.752a.75.75 0 0 1-.102-1.493l.102-.007h3.502Zm-7.003 0a.75.75 0 0 1 .102 1.493l-.102.007h-.5a.75.75 0 0 1-.101-1.493l.101-.007h.5Zm9.008-5a.75.75 0 0 1 .102 1.493l-.102.007H9.752a.75.75 0 0 1-.102-1.493l.102-.007h5.507Zm-9.008 0a.75.75 0 0 1 .102 1.493l-.102.007h-.5a.75.75 0 0 1-.101-1.493l.101-.007h.5Zm9.008-5a.75.75 0 0 1 .102 1.493l-.102.007H9.752a.75.75 0 0 1-.102-1.493l.102-.007h5.507Zm-9.008 0a.75.75 0 0 1 .102 1.493l-.102.007h-.5a.75.75 0 0 1-.101-1.493l.101-.007h.5Z" fill="currentColor" fill-rule="nonzero"></path></svg></span></button></div></div><div class="sc-d29e4bca-10 kelKLc"><div class="sc-d29e4bca-12 iEmMAf"> Spara 6,00 kr/st
                  </div><div class="sc-9270b5eb-0 eESqg" data-testid="product-price"><div class="sc-9270b5eb-1 kxcZnM"><span class="sc-9270b5eb-2 gIEzQM">46</span><span class="sc-9270b5eb-3 enMhbY"></span><div class="sc-9270b5eb-4 iSBFJY"><span class="sc-9270b5eb-5 kavxJt">90</span><span class="sc-9270b5eb-6 hTVqeQ">/st</span></div></div></div></div><div class="sc-d29e4bca-17 gDHIqT"></div></div><div class="sc-d29e4bca-3 hybTXH"><div itemprop="name" class="sc-d29e4bca-5 dFbdab">Duo Belgian Chocolate &amp; Vanilla Glass</div><div class="sc-d29e4bca-6 jcKBWw"><span itemprop="brand" class="sc-d29e4bca-7 ixEPqC">Häagen-dazs</span></div><div class="sc-d29e4bca-6 jcKBWw"><span class="sc-d29e4bca-8 fjSfGP">0.42l</span></div><div class="sc-d29e4bca-4 hOVxrK"><div class="sc-d29e4bca-14 iOJJjG">Ordinarie pris 52,90 kr/st</div><div class="sc-d29e4bca-16 iKWolk">Jmf-pris 125,95 kr/l</div><div class="sc-d29e4bca-13 hRjtsf">Jmf-pris 111,67 kr/l</div></div><div class="sc-9f11aa96-1 gUcqVE" disabled=""><button title="Minska antal" type="button" disabled="" class="sc-9f11aa96-2 ZGibe"><span data-testid="icon-minus" class="sc-aa256264-1 bFmDBX" style="color:#949494"><svg xmlns="http://www.w3.org/2000/svg" width="16" height="16" viewBox="0 0 16 16"><path fill="currentColor" d="M15.25 7.25a.75.75 0 0 1 .102 1.493l-.102.007H.75a.75.75 0 0 1-.102-1.493L.75 7.25h14.5z"></path></svg></span></button><div class="sc-9f11aa96-4 iZqCTV"><div class="sc-19fa22dc-1 hRyfKT"><div class="sc-19fa22dc-6 MrpxB"></div><input name="quantity" type="text" maxlength="250" aria-label="Ändra produktantal" class="sc-19fa22dc-0 hPVmQo sc-9f11aa96-5 bJwNdv" value="0 st" disabled=""></div></div><button title="Öka antal" type="button" class="sc-9f11aa96-2 ZGibe" disabled=""><span data-testid="icon-plus" class="sc-aa256264-1 bFmDBX" style="color:#FFFFFF"><svg xmlns="http://www.w3.org/2000/svg" width="16" height="16" viewBox="0 0 16 16"><path fill="currentColor" d="M8 0a.75.75 0 0 1 .75.75v6.5h6.5a.75.75 0 0 1 0 1.5h-6.5v6.5a.75.75 0 0 1-1.5 0v-6.5H.75a.75.75 0 0 1 0-1.5h6.5V.75A.75.75 0 0 1 8 0Z"></path></svg></span></button></div></div><div itemprop="offers" itemtype="http://schema.org/Offer" itemscope=""><link itemprop="url" href="/produkt/Duo-Belgian-Chocolate-och-Vanilla-Glass-101335421_ST"><meta itemprop="availability" content="https://schema.org/InStock"><meta itemprop="priceCurrency" content="SEK"><meta itemprop="price" content="52,90"></div><meta itemprop="description" content="HÄAGEN-DAZS, 0.42l"></div><div data-testid="product" class="sc-d29e4bca-0 jGOOKl" itemscope="" itemtype="https://schema.org/Product"><div class="sc-d29e4bca-2 lghUUL"><a class="sc-f1f2eb33-0 hzJRJT" href="/produkt/Strawberry-Cheescake-Glass-101290065_ST"><div class="sc-d29e4bca-1 AneEd"><div class="sc-bc8bed15-0 AYuHp"><span style="box-sizing:border-box;display:inline-block;overflow:hidden;width:initial;height:initial;background:none;opacity:1;border:0;margin:0;padding:0;position:relative;max-width:100%"><span style="box-sizing:border-box;display:block;width:initial;height:initial;background:none;opacity:1;border:0;margin:0;padding:0;max-width:100%"><img style="display:block;max-width:100%;width:initial;height:initial;background:none;opacity:1;border:0;margin:0;padding:0" alt="" aria-hidden="true" src="data:image/svg+xml,%3csvg%20xmlns=%27http://www.w3.org/2000/svg%27%20version=%271.1%27%20width=%27132%27%20height=%27132%27/%3e"></span><img itemprop="image" src="data:image/gif;base64,R0lGODlhAQABAIAAAAAAAP///yH5BAEAAAAALAAAAAABAAEAAAIBRAA7" decoding="async" data-nimg="intrinsic" style="position:absolute;top:0;left:0;bottom:0;right:0;box-sizing:border-box;padding:0;border:none;margin:auto;display:block;width:0;height:0;min-width:100%;max-width:100%;min-height:100%;max-height:100%"><noscript><img itemProp="image" src="https://d2rfo6yapuixuu.cloudfront.net/hf9/h77/13620191232030/3415581176025_1668524112217_master_axfood_300" decoding="async" data-nimg="intrinsic" style="position:absolute;top:0;left:0;bottom:0;right:0;box-sizing:border-box;padding:0;border:none;margin:auto;display:block;width:0;height:0;min-width:100%;max-width:100%;min-height:100%;max-height:100%" loading="lazy"/></noscript></span></div></div></a><div class="sc-d29e4bca-9 fQCUtu"><div class="sc-2ba9c6a8-0 iNQNDm"><button data-testid="add-to-list-button" class="sc-c5497fb8-0 iXJhuE sc-2ba9c6a8-2 fWarGq" type="button" title="Spara till lista"><span data-testid="icon" class="sc-aa256264-1 bFmDBX" style="color:#181818"><svg width="24" height="24" viewBox="0 0 24 24" xmlns="http://www.w3.org/2000/svg"><path d="M20 .018a.75.75 0 0 1 .743.648l.007.102V12a.75.75 0 0 1-1.493.102L19.25 12V1.518H1.513V22.5H12a.75.75 0 0 1 .743.649l.007.102a.75.75 0 0 1-.648.743L12 24H.763a.75.75 0 0 1-.743-.649l-.007-.101V.768A.75.75 0 0 1 .662.025L.763.018H20Zm.02 16.024a.75.75 0 0 1 .742.65l.007.103-.008 2.454 2.517.001a.75.75 0 0 1 .102 1.493l-.102.007h-2.522l-.006 2.503a.75.75 0 0 1-1.493.097l-.007-.102.006-2.499-2.497.001a.75.75 0 0 1-.101-1.493l.101-.007h2.502l.008-2.46a.75.75 0 0 1 .752-.748Zm-6.766.208a.75.75 0 0 1 .102 1.493l-.102.007H9.752a.75.75 0 0 1-.102-1.493l.102-.007h3.502Zm-7.003 0a.75.75 0 0 1 .102 1.493l-.102.007h-.5a.75.75 0 0 1-.101-1.493l.101-.007h.5Zm9.008-5a.75.75 0 0 1 .102 1.493l-.102.007H9.752a.75.75 0 0 1-.102-1.493l.102-.007h5.507Zm-9.008 0a.75.75 0 0 1 .102 1.493l-.102.007h-.5a.75.75 0 0 1-.101-1.493l.101-.007h.5Zm9.008-5a.75.75 0 0 1 .102 1.493l-.102.007H9.752a.75.75 0 0 1-.102-1.493l.102-.007h5.507Zm-9.008 0a.75.75 0 0 1 .102 1.493l-.102.007h-.5a.75.75 0 0 1-.101-1.493l.101-.007h.5Z" fill="currentColor" fill-rule="nonzero"></path></svg></span></button></div></div><div class="sc-d29e4bca-10 kelKLc"><div class="sc-d29e4bca-12 iEmMAf"> Spara 6,00 kr/st
                  </div><div class="sc-9270b5eb-0 eESqg" data-testid="product-price"><div class="sc-9270b5eb-1 kxcZnM"><span class="sc-9270b5eb-2 gIEzQM">46</span><span class="sc-9270b5eb-3 enMhbY"></span><div class="sc-9270b5eb-4 iSBFJY"><span class="sc-9270b5eb-5 kavxJt">90</span><span class="sc-9270b5eb-6 hTVqeQ">/st</span></div></div></div></div><div class="sc-d29e4bca-17 gDHIqT"></div></div><div class="sc-d29e4bca-3 hybTXH"><div itemprop="name" class="sc-d29e4bca-5 dFbdab">Strawberry Cheescake Glass</div><div class="sc-d29e4bca-6 jcKBWw"><span itemprop="brand" class="sc-d29e4bca-7 ixEPqC">Häagen-dazs</span></div><div class="sc-d29e4bca-6 jcKBWw"><span class="sc-d29e4bca-8 fjSfGP">0.46l</span></div><div class="sc-d29e4bca-4 hOVxrK"><div class="sc-d29e4bca-14 iOJJjG">Ordinarie pris 52,90 kr/st</div><div class="sc-d29e4bca-16 iKWolk">Jmf-pris 115,00 kr/l</div><div class="sc-d29e4bca-13 hRjtsf">Jmf-pris 101,96 kr/l</div></div><div class="sc-9f11aa96-1 gUcqVE" disabled=""><button title="Minska antal" type="button" disabled="" class="sc-9f11aa96-2 ZGibe"><span data-testid="icon-minus" class="sc-aa256264-1 bFmDBX" style="color:#949494"><svg xmlns="http://www.w3.org/2000/svg" width="16" height="16" viewBox="0 0 16 16"><path fill="currentColor" d="M15.25 7.25a.75.75 0 0 1 .102 1.493l-.102.007H.75a.75.75 0 0 1-.102-1.493L.75 7.25h14.5z"></path></svg></span></button><div class="sc-9f11aa96-4 iZqCTV"><div class="sc-19fa22dc-1 hRyfKT"><div class="sc-19fa22dc-6 MrpxB"></div><input name="quantity" type="text" maxlength="250" aria-label="Ändra produktantal" class="sc-19fa22dc-0 hPVmQo sc-9f11aa96-5 bJwNdv" value="0 st" disabled=""></div></div><button title="Öka antal" type="button" class="sc-9f11aa96-2 ZGibe" disabled=""><span data-testid="icon-plus" class="sc-aa256264-1 bFmDBX" style="color:#FFFFFF"><svg xmlns="http://www.w3.org/2000/svg" width="16" height="16" viewBox="0 0 16 16"><path fill="currentColor" d="M8 0a.75.75 0 0 1 .75.75v6.5h6.5a.75.75 0 0 1 0 1.5h-6.5v6.5a.75.75 0 0 1-1.5 0v-6.5H.75a.75.75 0 0 1 0-1.5h6.5V.75A.75.75 0 0 1 8 0Z"></path></svg></span></button></div></div><div itemprop="offers" itemtype="http://schema.org/Offer" itemscope=""><link itemprop="url" href="/produkt/Strawberry-Cheescake-Glass-101290065_ST"><meta itemprop="availability" content="https://schema.org/InStock"><meta itemprop="priceCurrency" content="SEK"><meta itemprop="price" content="52,90"></div><meta itemprop="description" content="HÄAGEN-DAZS, 0.46l"></div><div data-testid="product" class="sc-d29e4bca-0 jGOOKl" itemscope="" itemtype="https://schema.org/Product"><div class="sc-d29e4bca-2 lghUUL"><a class="sc-f1f2eb33-0 hzJRJT" href="/produkt/Vanilj-Graddglass-100374462_ST"><div class="sc-d29e4bca-1 AneEd"><div class="sc-bc8bed15-0 AYuHp"><span style="box-sizing:border-box;display:inline-block;overflow:hidden;width:initial;height:initial;background:none;opacity:1;border:0;margin:0;padding:0;position:relative;max-width:100%"><span style="box-sizing:border-box;display:block;width:initial;height:initial;background:none;opacity:1;border:0;margin:0;padding:0;max-width:100%"><img style="display:block;max-width:100%;width:initial;height:initial;background:none;opacity:1;border:0;margin:0;padding:0" alt="" aria-hidden="true" src="data:image/svg+xml,%3csvg%20xmlns=%27http://www.w3.org/2000/svg%27%20version=%271.1%27%20width=%27132%27%20height=%27132%27/%3e"></span><img itemprop="image" src="data:image/gif;base64,R0lGODlhAQABAIAAAAAAAP///yH5BAEAAAAALAAAAAABAAEAAAIBRAA7" decoding="async" data-nimg="intrinsic" style="position:absolute;top:0;left:0;bottom:0;right:0;box-sizing:border-box;padding:0;border:none;margin:auto;display:block;width:0;height:0;min-width:100%;max-width:100%;min-height:100%;max-height:100%"><noscript><img itemProp="image" src="https://d2rfo6yapuixuu.cloudfront.net/hb0/hb8/13112353292318/7312690021108_1655878226758_master_axfood_300" decoding="async" data-nimg="intrinsic" style="position:absolute;top:0;left:0;bottom:0;right:0;box-sizing:border-box;padding:0;border:none;margin:auto;display:block;width:0;height:0;min-width:100%;max-width:100%;min-height:100%;max-height:100%" loading="lazy"/></noscript></span></div></div></a><div class="sc-d29e4bca-9 fQCUtu"><div class="sc-2ba9c6a8-0 iNQNDm"><button data-testid="add-to-list-button" class="sc-c5497fb8-0 iXJhuE sc-2ba9c6a8-2 fWarGq" type="button" title="Spara till lista"><span data-testid="icon" class="sc-aa256264-1 bFmDBX" style="color:#181818"><svg width="24" height="24" viewBox="0 0 24 24" xmlns="http://www.w3.org/2000/svg"><path d="M20 .018a.75.75 0 0 1 .743.648l.007.102V12a.75.75 0 0 1-1.493.102L19.25 12V1.518H1.513V22.5H12a.75.75 0 0 1 .743.649l.007.102a.75.75 0 0 1-.648.743L12 24H.763a.75.75 0 0 1-.743-.649l-.007-.101V.768A.75.75 0 0 1 .662.025L.763.018H20Zm.02 16.024a.75.75 0 0 1 .742.65l.007.103-.008 2.454 2.517.001a.75.75 0 0 1 .102 1.493l-.102.007h-2.522l-.006 2.503a.75.75 0 0 1-1.493.097l-.007-.102.006-2.499-2.497.001a.75.75 0 0 1-.101-1.493l.101-.007h2.502l.008-2.46a.75.75 0 0 1 .752-.748Zm-6.766.208a.75.75 0 0 1 .102 1.493l-.102.007H9.752a.75.75 0 0 1-.102-1.493l.102-.007h3.502Zm-7.003 0a.75.75 0 0 1 .102 1.493l-.102.007h-.5a.75.75 0 0 1-.101-1.493l.101-.007h.5Zm9.008-5a.75.75 0 0 1 .102 1.493l-.102.007H9.752a.75.75 0 0 1-.102-1.493l.102-.007h5.507Zm-9.008 0a.75.75 0 0 1 .102 1.493l-.102.007h-.5a.75.75 0 0 1-.101-1.493l.101-.007h.5Zm9.008-5a.75.75 0 0 1 .102 1.493l-.102.007H9.752a.75.75 0 0 1-.102-1.493l.102-.007h5.507Zm-9.008 0a.75.75 0 0 1 .102 1.493l-.102.007h-.5a.75.75 0 0 1-.101-1.493l.101-.007h.5Z" fill="currentColor" fill-rule="nonzero"></path></svg></span></button></div></div><div class="sc-d29e4bca-10 kelKLc"><div class="sc-d29e4bca-12 iEmMAf"> 2 för
                  </div><div class="sc-9270b5eb-0 eESqg" data-testid="product-price"><div class="sc-9270b5eb-1 kxcZnM"><span class="sc-9270b5eb-2 gIEzQM">30</span><span class="sc-9270b5eb-3 enMhbY"></span><div class="sc-9270b5eb-4 iSBFJY"><span class="sc-9270b5eb-5 kavxJt">00</span><span class="sc-9270b5eb-6 hTVqeQ"></span></div></div></div></div><div class="sc-d29e4bca-17 gDHIqT"></div><button class="sc-c5497fb8-0 iXJhuE" type="button"><span type="mixmatch" class="sc-b7f8526d-0 bKPYUA">Välj &amp; Blanda</span></button></div><div class="sc-d29e4bca-3 hybTXH"><div itemprop="name" class="sc-d29e4bca-5 dFbdab">Vanilj Gräddglass</div><div class="sc-d29e4bca-6 jcKBWw"><span itemprop="brand" class="sc-d29e4bca-7 ixEPqC">Sia Glass</span></div><div class="sc-d29e4bca-6 jcKBWw"><span class="sc-d29e4bca-8 fjSfGP">0.5l</span></div><div class="sc-d29e4bca-4 hOVxrK"><div class="sc-d29e4bca-14 iOJJjG">Ordinarie pris 16,90 kr/st</div><div class="sc-d29e4bca-16 iKWolk">Jmf-pris 33,80 kr/l</div><div class="sc-d29e4bca-13 hRjtsf">Jmf-pris 30,00 kr/l</div></div><div class="sc-9f11aa96-1 gUcqVE" disabled=""><button title="Minska antal" type="button" disabled="" class="sc-9f11aa96-2 ZGibe"><span data-testid="icon-minus" class="sc-aa256264-1 bFmDBX" style="color:#949494"><svg xmlns="http://www.w3.org/2000/svg" width="16" height="16" viewBox="0 0 16 16"><path fill="currentColor" d="M15.25 7.25a.75.75 0 0 1 .102 1.493l-.102.007H.75a.75.75 0 0 1-.102-1.493L.75 7.25h14.5z"></path></svg></span></button><div class="sc-9f11aa96-4 iZqCTV"><div class="sc-19fa22dc-1 hRyfKT"><div class="sc-19fa22dc-6 MrpxB"></div><input name="quantity" type="text" maxlength="250" aria-label="Ändra produktantal" class="sc-19fa22dc-0 hPVmQo sc-9f11aa96-5 bJwNdv" value="0 st" disabled=""></div></div><button title="Öka antal" type="button" class="sc-9f11aa96-2 ZGibe" disabled=""><span data-testid="icon-plus" class="sc-aa256264-1 bFmDBX" style="color:#FFFFFF"><svg xmlns="http://www.w3.org/2000/svg" width="16" height="16" viewBox="0 0 16 16"><path fill="currentColor" d="M8 0a.75.75 0 0 1 .75.75v6.5h6.5a.75.75 0 0 1 0 1.5h-6.5v6.5a.75.75 0 0 1-1.5 0v-6.5H.75a.75.75 0 0 1 0-1.5h6.5V.75A.75.75 0 0 1 8 0Z"></path></svg></span></button></div></div><div itemprop="offers" itemtype="http://schema.org/Offer" itemscope=""><link itemprop="url" href="/produkt/Vanilj-Graddglass-100374462_ST"><meta itemprop="availability" content="https://schema.org/InStock"><meta itemprop="priceCurrency" content="SEK"><meta itemprop="price" content="16,90"></div><meta itemprop="description" content="SIA GLASS, 0.5l"></div><div data-testid="product" class="sc-d29e4bca-0 jGOOKl" itemscope="" itemtype="https://schema.org/Product"><div class="sc-d29e4bca-2 lghUUL"><a class="sc-f1f2eb33-0 hzJRJT" href="/produkt/Choklad-Graddglass-101001513_ST"><div class="sc-d29e4bca-1 AneEd"><div class="sc-bc8bed15-0 AYuHp"><span style="box-sizing:border-box;display:inline-block;overflow:hidden;width:initial;height:initial;background:none;opacity:1;border:0;margin:0;padding:0;position:relative;max-width:100%"><span style="box-sizing:border-box;display:block;width:initial;height:initial;background:none;opacity:1;border:0;margin:0;padding:0;max-width:100%"><img style="display:block;max-width:100%;width:initial;height:initial;background:none;opacity:1;border:0;margin:0;padding:0" alt="" aria-hidden="true" src="data:image/svg+xml,%3csvg%20xmlns=%27http://www.w3.org/2000/svg%27%20version=%271.1%27%20width=%27132%27%20height=%27132%27/%3e"></span><img itemprop="image" src="data:image/gif;base64,R0lGODlhAQABAIAAAAAAAP///yH5BAEAAAAALAAAAAABAAEAAAIBRAA7" decoding="async" data-nimg="intrinsic" style="position:absolute;top:0;left:0;bottom:0;right:0;box-sizing:border-box;padding:0;border:none;margin:auto;display:block;width:0;height:0;min-width:100%;max-width:100%;min-height:100%;max-height:100%"><noscript><img itemProp="image" src="https://d2rfo6yapuixuu.cloudfront.net/h7c/hc5/13112353619998/7312690021115_1655878229065_master_axfood_300" decoding="async" data-nimg="intrinsic" style="position:absolute;top:0;left:0;bottom:0;right:0;box-sizing:border-box;padding:0;border:none;margin:auto;display:block;width:0;height:0;min-width:100%;max-width:100%;min-height:100%;max-height:100%" loading="lazy"/></noscript></span></div></div></a><div class="sc-d29e4bca-9 fQCUtu"><div class="sc-2ba9c6a8-0 iNQNDm"><button data-testid="add-to-list-button" class="sc-c5497fb8-0 iXJhuE sc-2ba9c6a8-2 fWarGq" type="button" title="Spara till lista"><span data-testid="icon" class="sc-aa256264-1 bFmDBX" style="color:#181818"><svg width="24" height="24" viewBox="0 0 24 24" xmlns="http://www.w3.org/2000/svg"><path d="M20 .018a.75.75 0 0 1 .743.648l.007.102V12a.75.75 0 0 1-1.493.102L19.25 12V1.518H1.513V22.5H12a.75.75 0 0 1 .743.649l.007.102a.75.75 0 0 1-.648.743L12 24H.763a.75.75 0 0 1-.743-.649l-.007-.101V.768A.75.75 0 0 1 .662.025L.763.018H20Zm.02 16.024a.75.75 0 0 1 .742.65l.007.103-.008 2.454 2.517.001a.75.75 0 0 1 .102 1.493l-.102.007h-2.522l-.006 2.503a.75.75 0 0 1-1.493.097l-.007-.102.006-2.499-2.497.001a.75.75 0 0 1-.101-1.493l.101-.007h2.502l.008-2.46a.75.75 0 0 1 .752-.748Zm-6.766.208a.75.75 0 0 1 .102 1.493l-.102.007H9.752a.75.75 0 0 1-.102-1.493l.102-.007h3.502Zm-7.003 0a.75.75 0 0 1 .102 1.493l-.102.007h-.5a.75.75 0 0 1-.101-1.493l.101-.007h.5Zm9.008-5a.75.75 0 0 1 .102 1.493l-.102.007H9.752a.75.75 0 0 1-.102-1.493l.102-.007h5.507Zm-9.008 0a.75.75 0 0 1 .102 1.493l-.102.007h-.5a.75.75 0 0 1-.101-1.493l.101-.007h.5Zm9.008-5a.75.75 0 0 1 .102 1.493l-.102.007H9.752a.75.75 0 0 1-.102-1.493l.102-.007h5.507Zm-9.008 0a.75.75 0 0 1 .102 1.493l-.102.007h-.5a.75.75 0 0 1-.101-1.493l.101-.007h.5Z" fill="currentColor" fill-rule="nonzero"></path></svg></span></button></div></div><div class="sc-d29e4bca-10 kelKLc"><div class="sc-d29e4bca-12 iEmMAf"> 2 för
                  </div><div class="sc-9270b5eb-0 eESqg" data-testid="product-price"><div class="sc-9270b5eb-1 kxcZnM"><span class="sc-9270b5eb-2 gIEzQM">30</span><span class="sc-9270b5eb-3 enMhbY"></span><div class="sc-9270b5eb-4 iSBFJY"><span class="sc-9270b5eb-5 kavxJt">00</span><span class="sc-9270b5eb-6 hTVqeQ"></span></div></div></div></div><div class="sc-d29e4bca-17 gDHIqT"></div><button class="sc-c5497fb8-0 iXJhuE" type="button"><span type="mixmatch" class="sc-b7f8526d-0 bKPYUA">Välj &amp; Blanda</span></button></div><div class="sc-d29e4bca-3 hybTXH"><div itemprop="name" class="sc-d29e4bca-5 dFbdab">Choklad Gräddglass</div><div class="sc-d29e4bca-6 jcKBWw"><span itemprop="brand" class="sc-d29e4bca-7 ixEPqC">Sia Glass</span></div><div class="sc-d29e4bca-6 jcKBWw"><span class="sc-d29e4bca-8 fjSfGP">0.5l</span></div><div class="sc-d29e4bca-4 hOVxrK"><div class="sc-d29e4bca-14 iOJJjG">Ordinarie pris 16,90 kr/st</div><div class="sc-d29e4bca-16 iKWolk">Jmf-pris 33,80 kr/l</div><div class="sc-d29e4bca-13 hRjtsf">Jmf-pris 30,00 kr/l</div></div><div class="sc-9f11aa96-1 gUcqVE" disabled=""><button title="Minska antal" type="button" disabled="" class="sc-9f11aa96-2 ZGibe"><span data-testid="icon-minus" class="sc-aa256264-1 bFmDBX" style="color:#949494"><svg xmlns="http://www.w3.org/2000/svg" width="16" height="16" viewBox="0 0 16 16"><path fill="currentColor" d="M15.25 7.25a.75.75 0 0 1 .102 1.493l-.102.007H.75a.75.75 0 0 1-.102-1.493L.75 7.25h14.5z"></path></svg></span></button><div class="sc-9f11aa96-4 iZqCTV"><div class="sc-19fa22dc-1 hRyfKT"><div class="sc-19fa22dc-6 MrpxB"></div><input name="quantity" type="text" maxlength="250" aria-label="Ändra produktantal" class="sc-19fa22dc-0 hPVmQo sc-9f11aa96-5 bJwNdv" value="0 st" disabled=""></div></div><button title="Öka antal" type="button" class="sc-9f11aa96-2 ZGibe" disabled=""><span data-testid="icon-plus" class="sc-aa256264-1 bFmDBX" style="color:#FFFFFF"><svg xmlns="http://www.w3.org/2000/svg" width="16" height="16" viewBox="0 0 16 16"><path fill="currentColor" d="M8 0a.75.75 0 0 1 .75.75v6.5h6.5a.75.75 0 0 1 0 1.5h-6.5v6.5a.75.75 0 0 1-1.5 0v-6.5H.75a.75.75 0 0 1 0-1.5h6.5V.75A.75.75 0 0 1 8 0Z"></path></svg></span></button></div></div><div itemprop="offers" itemtype="http://schema.org/Offer" itemscope=""><link itemprop="url" href="/produkt/Choklad-Graddglass-101001513_ST"><meta itemprop="availability" content="https://schema.org/InStock"><meta itemprop="priceCurrency" content="SEK"><meta itemprop="price" content="16,90"></div><meta itemprop="description" content="SIA GLASS, 0.5l"></div><div data-testid="product" class="sc-d29e4bca-0 jGOOKl" itemscope="" itemtype="https://schema.org/Product"><div class="sc-d29e4bca-2 lghUUL"><a class="sc-f1f2eb33-0 hzJRJT" href="/produkt/Kola-Havssalt-Graddglass-101263734_ST"><div class="sc-d29e4bca-1 AneEd"><div class="sc-bc8bed15-0 AYuHp"><span style="box-sizing:border-box;display:inline-block;overflow:hidden;width:initial;height:initial;background:none;opacity:1;border:0;margin:0;padding:0;position:relative;max-width:100%"><span style="box-sizing:border-box;display:block;width:initial;height:initial;background:none;opacity:1;border:0;margin:0;padding:0;max-width:100%"><img style="display:block;max-width:100%;width:initial;height:initial;background:none;opacity:1;border:0;margin:0;padding:0" alt="" aria-hidden="true" src="data:image/svg+xml,%3csvg%20xmlns=%27http://www.w3.org/2000/svg%27%20version=%271.1%27%20width=%27132%27%20height=%27132%27/%3e"></span><img itemprop="image" src="data:image/gif;base64,R0lGODlhAQABAIAAAAAAAP///yH5BAEAAAAALAAAAAABAAEAAAIBRAA7" decoding="async" data-nimg="intrinsic" style="position:absolute;top:0;left:0;bottom:0;right:0;box-sizing:border-box;padding:0;border:none;margin:auto;display:block;width:0;height:0;min-width:100%;max-width:100%;min-height:100%;max-height:100%"><noscript><img itemProp="image" src="https://d2rfo6yapuixuu.cloudfront.net/h78/h0a/13112356241438/7312690201135_1655878246436_master_axfood_300" decoding="async" data-nimg="intrinsic" style="position:absolute;top:0;left:0;bottom:0;right:0;box-sizing:border-box;padding:0;border:none;margin:auto;display:block;width:0;height:0;min-width:100%;max-width:100%;min-height:100%;max-height:100%" loading="lazy"/></noscript></span></div></div></a><div class="sc-d29e4bca-9 fQCUtu"><div class="sc-2ba9c6a8-0 iNQNDm"><button data-testid="add-to-list-button" class="sc-c5497fb8-0 iXJhuE sc-2ba9c6a8-2 fWarGq" type="button" title="Spara till lista"><span data-testid="icon" class="sc-aa256264-1 bFmDBX" style="color:#181818"><svg width="24" height="24" viewBox="0 0 24 24" xmlns="http://www.w3.org/2000/svg"><path d="M20 .018a.75.75 0 0 1 .743.648l.007.102V12a.75.75 0 0 1-1.493.102L19.25 12V1.518H1.513V22.5H12a.75.75 0 0 1 .743.649l.007.102a.75.75 0 0 1-.648.743L12 24H.763a.75.75 0 0 1-.743-.649l-.007-.101V.768A.75.75 0 0 1 .662.025L.763.018H20Zm.02 16.024a.75.75 0 0 1 .742.65l.007.103-.008 2.454 2.517.001a.75.75 0 0 1 .102 1.493l-.102.007h-2.522l-.006 2.503a.75.75 0 0 1-1.493.097l-.007-.102.006-2.499-2.497.001a.75.75 0 0 1-.101-1.493l.101-.007h2.502l.008-2.46a.75.75 0 0 1 .752-.748Zm-6.766.208a.75.75 0 0 1 .102 1.493l-.102.007H9.752a.75.75 0 0 1-.102-1.493l.102-.007h3.502Zm-7.003 0a.75.75 0 0 1 .102 1.493l-.102.007h-.5a.75.75 0 0 1-.101-1.493l.101-.007h.5Zm9.008-5a.75.75 0 0 1 .102 1.493l-.102.007H9.752a.75.75 0 0 1-.102-1.493l.102-.007h5.507Zm-9.008 0a.75.75 0 0 1 .102 1.493l-.102.007h-.5a.75.75 0 0 1-.101-1.493l.101-.007h.5Zm9.008-5a.75.75 0 0 1 .102 1.493l-.102.007H9.752a.75.75 0 0 1-.102-1.493l.102-.007h5.507Zm-9.008 0a.75.75 0 0 1 .102 1.493l-.102.007h-.5a.75.75 0 0 1-.101-1.493l.101-.007h.5Z" fill="currentColor" fill-rule="nonzero"></path></svg></span></button></div></div><div class="sc-d29e4bca-10 kelKLc"><div class="sc-d29e4bca-12 iEmMAf"> 2 för
                  </div><div class="sc-9270b5eb-0 eESqg" data-testid="product-price"><div class="sc-9270b5eb-1 kxcZnM"><span class="sc-9270b5eb-2 gIEzQM">30</span><span class="sc-9270b5eb-3 enMhbY"></span><div class="sc-9270b5eb-4 iSBFJY"><span class="sc-9270b5eb-5 kavxJt">00</span><span class="sc-9270b5eb-6 hTVqeQ"></span></div></div></div></div><div class="sc-d29e4bca-17 gDHIqT"></div><button class="sc-c5497fb8-0 iXJhuE" type="button"><span type="mixmatch" class="sc-b7f8526d-0 bKPYUA">Välj &amp; Blanda</span></button></div><div class="sc-d29e4bca-3 hybTXH"><div itemprop="name" class="sc-d29e4bca-5 dFbdab">Kola Havssalt Gräddglass</div><div class="sc-d29e4bca-6 jcKBWw"><span itemprop="brand" class="sc-d29e4bca-7 ixEPqC">Sia Glass</span></div><div class="sc-d29e4bca-6 jcKBWw"><span class="sc-d29e4bca-8 fjSfGP">0.5l</span></div><div class="sc-d29e4bca-4 hOVxrK"><div class="sc-d29e4bca-14 iOJJjG">Ordinarie pris 16,90 kr/st</div><div class="sc-d29e4bca-16 iKWolk">Jmf-pris 33,80 kr/l</div><div class="sc-d29e4bca-13 hRjtsf">Jmf-pris 30,00 kr/l</div></div><div class="sc-9f11aa96-1 gUcqVE" disabled=""><button title="Minska antal" type="button" disabled="" class="sc-9f11aa96-2 ZGibe"><span data-testid="icon-minus" class="sc-aa256264-1 bFmDBX" style="color:#949494"><svg xmlns="http://www.w3.org/2000/svg" width="16" height="16" viewBox="0 0 16 16"><path fill="currentColor" d="M15.25 7.25a.75.75 0 0 1 .102 1.493l-.102.007H.75a.75.75 0 0 1-.102-1.493L.75 7.25h14.5z"></path></svg></span></button><div class="sc-9f11aa96-4 iZqCTV"><div class="sc-19fa22dc-1 hRyfKT"><div class="sc-19fa22dc-6 MrpxB"></div><input name="quantity" type="text" maxlength="250" aria-label="Ändra produktantal" class="sc-19fa22dc-0 hPVmQo sc-9f11aa96-5 bJwNdv" value="0 st" disabled=""></div></div><button title="Öka antal" type="button" class="sc-9f11aa96-2 ZGibe" disabled=""><span data-testid="icon-plus" class="sc-aa256264-1 bFmDBX" style="color:#FFFFFF"><svg xmlns="http://www.w3.org/2000/svg" width="16" height="16" viewBox="0 0 16 16"><path fill="currentColor" d="M8 0a.75.75 0 0 1 .75.75v6.5h6.5a.75.75 0 0 1 0 1.5h-6.5v6.5a.75.75 0 0 1-1.5 0v-6.5H.75a.75.75 0 0 1 0-1.5h6.5V.75A.75.75 0 0 1 8 0Z"></path></svg></span></button></div></div><div itemprop="offers" itemtype="http://schema.org/Offer" itemscope=""><link itemprop="url" href="/produkt/Kola-Havssalt-Graddglass-101263734_ST"><meta itemprop="availability" content="https://schema.org/InStock"><meta itemprop="priceCurrency" content="SEK"><meta itemprop="price" content="16,90"></div><meta itemprop="description" content="SIA GLASS, 0.5l"></div><div data-testid="product" class="sc-d29e4bca-0 jGOOKl" itemscope="" itemtype="https://schema.org/Product"><div class="sc-d29e4bca-2 lghUUL"><a class="sc-f1f2eb33-0 hzJRJT" href="/produkt/Pecannotkola-Graddglass-101191452_ST"><div class="sc-d29e4bca-1 AneEd"><div class="sc-bc8bed15-0 AYuHp"><span style="box-sizing:border-box;display:inline-block;overflow:hidden;width:initial;height:initial;background:none;opacity:1;border:0;margin:0;padding:0;position:relative;max-width:100%"><span style="box-sizing:border-box;display:block;width:initial;height:initial;background:none;opacity:1;border:0;margin:0;padding:0;max-width:100%"><img style="display:block;max-width:100%;width:initial;height:initial;background:none;opacity:1;border:0;margin:0;padding:0" alt="" aria-hidden="true" src="data:image/svg+xml,%3csvg%20xmlns=%27http://www.w3.org/2000/svg%27%20version=%271.1%27%20width=%27132%27%20height=%27132%27/%3e"></span><img itemprop="image" src="data:image/gif;base64,R0lGODlhAQABAIAAAAAAAP///yH5BAEAAAAALAAAAAABAAEAAAIBRAA7" decoding="async" data-nimg="intrinsic" style="position:absolute;top:0;left:0;bottom:0;right:0;box-sizing:border-box;padding:0;border:none;margin:auto;display:block;width:0;height:0;min-width:100%;max-width:100%;min-height:100%;max-height:100%"><noscript><img itemProp="image" src="https://d2rfo6yapuixuu.cloudfront.net/hb8/hdd/13112354275358/7312690021153_1655878233361_master_axfood_300" decoding="async" data-nimg="intrinsic" style="position:absolute;top:0;left:0;bottom:0;right:0;box-sizing:border-box;padding:0;border:none;margin:auto;display:block;width:0;height:0;min-width:100%;max-width:100%;min-height:100%;max-height:100%" loading="lazy"/></noscript></span></div></div></a><div class="sc-d29e4bca-9 fQCUtu"><div class="sc-2ba9c6a8-0 iNQNDm"><button data-testid="add-to-list-button" class="sc-c5497fb8-0 iXJhuE sc-2ba9c6a8-2 fWarGq" type="button" title="Spara till lista"><span data-testid="icon" class="sc-aa256264-1 bFmDBX" style="color:#181818"><svg width="24" height="24" viewBox="0 0 24 24" xmlns="http://www.w3.org/2000/svg"><path d="M20 .018a.75.75 0 0 1 .743.648l.007.102V12a.75.75 0 0 1-1.493.102L19.25 12V1.518H1.513V22.5H12a.75.75 0 0 1 .743.649l.007.102a.75.75 0 0 1-.648.743L12 24H.763a.75.75 0 0 1-.743-.649l-.007-.101V.768A.75.75 0 0 1 .662.025L.763.018H20Zm.02 16.024a.75.75 0 0 1 .742.65l.007.103-.008 2.454 2.517.001a.75.75 0 0 1 .102 1.493l-.102.007h-2.522l-.006 2.503a.75.75 0 0 1-1.493.097l-.007-.102.006-2.499-2.497.001a.75.75 0 0 1-.101-1.493l.101-.007h2.502l.008-2.46a.75.75 0 0 1 .752-.748Zm-6.766.208a.75.75 0 0 1 .102 1.493l-.102.007H9.752a.75.75 0 0 1-.102-1.493l.102-.007h3.502Zm-7.003 0a.75.75 0 0 1 .102 1.493l-.102.007h-.5a.75.75 0 0 1-.101-1.493l.101-.007h.5Zm9.008-5a.75.75 0 0 1 .102 1.493l-.102.007H9.752a.75.75 0 0 1-.102-1.493l.102-.007h5.507Zm-9.008 0a.75.75 0 0 1 .102 1.493l-.102.007h-.5a.75.75 0 0 1-.101-1.493l.101-.007h.5Zm9.008-5a.75.75 0 0 1 .102 1.493l-.102.007H9.752a.75.75 0 0 1-.102-1.493l.102-.007h5.507Zm-9.008 0a.75.75 0 0 1 .102 1.493l-.102.007h-.5a.75.75 0 0 1-.101-1.493l.101-.007h.5Z" fill="currentColor" fill-rule="nonzero"></path></svg></span></button></div></div><div class="sc-d29e4bca-10 kelKLc"><div class="sc-d29e4bca-12 iEmMAf"> 2 för
                  </div><div class="sc-9270b5eb-0 eESqg" data-testid="product-price"><div class="sc-9270b5eb-1 kxcZnM"><span class="sc-9270b5eb-2 gIEzQM">30</span><span class="sc-9270b5eb-3 enMhbY"></span><div class="sc-9270b5eb-4 iSBFJY"><span class="sc-9270b5eb-5 kavxJt">00</span><span class="sc-9270b5eb-6 hTVqeQ"></span></div></div></div></div><div class="sc-d29e4bca-17 gDHIqT"></div><button class="sc-c5497fb8-0 iXJhuE" type="button"><span type="mixmatch" class="sc-b7f8526d-0 bKPYUA">Välj &amp; Blanda</span></button></div><div class="sc-d29e4bca-3 hybTXH"><div itemprop="name" class="sc-d29e4bca-5 dFbdab">Pecannötkola Gräddglass</div><div class="sc-d29e4bca-6 jcKBWw"><span itemprop="brand" class="sc-d29e4bca-7 ixEPqC">Sia Glass</span></div><div class="sc-d29e4bca-6 jcKBWw"><span class="sc-d29e4bca-8 fjSfGP">0.5l</span></div><div class="sc-d29e4bca-4 hOVxrK"><div class="sc-d29e4bca-14 iOJJjG">Ordinarie pris 16,90 kr/st</div><div class="sc-d29e4bca-16 iKWolk">Jmf-pris 33,80 kr/l</div><div class="sc-d29e4bca-13 hRjtsf">Jmf-pris 30,00 kr/l</div></div><div class="sc-9f11aa96-1 gUcqVE" disabled=""><button title="Minska antal" type="button" disabled="" class="sc-9f11aa96-2 ZGibe"><span data-testid="icon-minus" class="sc-aa256264-1 bFmDBX" style="color:#949494"><svg xmlns="http://www.w3.org/2000/svg" width="16" height="16" viewBox="0 0 16 16"><path fill="currentColor" d="M15.25 7.25a.75.75 0 0 1 .102 1.493l-.102.007H.75a.75.75 0 0 1-.102-1.493L.75 7.25h14.5z"></path></svg></span></button><div class="sc-9f11aa96-4 iZqCTV"><div class="sc-19fa22dc-1 hRyfKT"><div class="sc-19fa22dc-6 MrpxB"></div><input name="quantity" type="text" maxlength="250" aria-label="Ändra produktantal" class="sc-19fa22dc-0 hPVmQo sc-9f11aa96-5 bJwNdv" value="0 st" disabled=""></div></div><button title="Öka antal" type="button" class="sc-9f11aa96-2 ZGibe" disabled=""><span data-testid="icon-plus" class="sc-aa256264-1 bFmDBX" style="color:#FFFFFF"><svg xmlns="http://www.w3.org/2000/svg" width="16" height="16" viewBox="0 0 16 16"><path fill="currentColor" d="M8 0a.75.75 0 0 1 .75.75v6.5h6.5a.75.75 0 0 1 0 1.5h-6.5v6.5a.75.75 0 0 1-1.5 0v-6.5H.75a.75.75 0 0 1 0-1.5h6.5V.75A.75.75 0 0 1 8 0Z"></path></svg></span></button></div></div><div itemprop="offers" itemtype="http://schema.org/Offer" itemscope=""><link itemprop="url" href="/produkt/Pecannotkola-Graddglass-101191452_ST"><meta itemprop="availability" content="https://schema.org/InStock"><meta itemprop="priceCurrency" content="SEK"><meta itemprop="price" content="16,90"></div><meta itemprop="description" content="SIA GLASS, 0.5l"></div><div data-testid="product" class="sc-d29e4bca-0 jGOOKl" itemscope="" itemtype="https://schema.org/Product"><div class="sc-d29e4bca-2 lghUUL"><a class="sc-f1f2eb33-0 hzJRJT" href="/produkt/Saltlakrits-Graddglass-101220064_ST"><div class="sc-d29e4bca-1 AneEd"><div class="sc-bc8bed15-0 AYuHp"><span style="box-sizing:border-box;display:inline-block;overflow:hidden;width:initial;height:initial;background:none;opacity:1;border:0;margin:0;padding:0;position:relative;max-width:100%"><span style="box-sizing:border-box;display:block;width:initial;height:initial;background:none;opacity:1;border:0;margin:0;padding:0;max-width:100%"><img style="display:block;max-width:100%;width:initial;height:initial;background:none;opacity:1;border:0;margin:0;padding:0" alt="" aria-hidden="true" src="data:image/svg+xml,%3csvg%20xmlns=%27http://www.w3.org/2000/svg%27%20version=%271.1%27%20width=%27132%27%20height=%27132%27/%3e"></span><img itemprop="image" src="data:image/gif;base64,R0lGODlhAQABAIAAAAAAAP///yH5BAEAAAAALAAAAAABAAEAAAIBRAA7" decoding="async" data-nimg="intrinsic" style="position:absolute;top:0;left:0;bottom:0;right:0;box-sizing:border-box;padding:0;border:none;margin:auto;display:block;width:0;height:0;min-width:100%;max-width:100%;min-height:100%;max-height:100%"><noscript><img itemProp="image" src="https://d2rfo6yapuixuu.cloudfront.net/h4a/hc6/13112354930718/7312690021207_1655878237730_master_axfood_300" decoding="async" data-nimg="intrinsic" style="position:absolute;top:0;left:0;bottom:0;right:0;box-sizing:border-box;padding:0;border:none;margin:auto;display:block;width:0;height:0;min-width:100%;max-width:100%;min-height:100%;max-height:100%" loading="lazy"/></noscript></span></div></div></a><div class="sc-d29e4bca-9 fQCUtu"><div class="sc-2ba9c6a8-0 iNQNDm"><button data-testid="add-to-list-button" class="sc-c5497fb8-0 iXJhuE sc-2ba9c6a8-2 fWarGq" type="button" title="Spara till lista"><span data-testid="icon" class="sc-aa256264-1 bFmDBX" style="color:#181818"><svg width="24" height="24" viewBox="0 0 24 24" xmlns="http://www.w3.org/2000/svg"><path d="M20 .018a.75.75 0 0 1 .743.648l.007.102V12a.75.75 0 0 1-1.493.102L19.25 12V1.518H1.513V22.5H12a.75.75 0 0 1 .743.649l.007.102a.75.75 0 0 1-.648.743L12 24H.763a.75.75 0 0 1-.743-.649l-.007-.101V.768A.75.75 0 0 1 .662.025L.763.018H20Zm.02 16.024a.75.75 0 0 1 .742.65l.007.103-.008 2.454 2.517.001a.75.75 0 0 1 .102 1.493l-.102.007h-2.522l-.006 2.503a.75.75 0 0 1-1.493.097l-.007-.102.006-2.499-2.497.001a.75.75 0 0 1-.101-1.493l.101-.007h2.502l.008-2.46a.75.75 0 0 1 .752-.748Zm-6.766.208a.75.75 0 0 1 .102 1.493l-.102.007H9.752a.75.75 0 0 1-.102-1.493l.102-.007h3.502Zm-7.003 0a.75.75 0 0 1 .102 1.493l-.102.007h-.5a.75.75 0 0 1-.101-1.493l.101-.007h.5Zm9.008-5a.75.75 0 0 1 .102 1.493l-.102.007H9.752a.75.75 0 0 1-.102-1.493l.102-.007h5.507Zm-9.008 0a.75.75 0 0 1 .102 1.493l-.102.007h-.5a.75.75 0 0 1-.101-1.493l.101-.007h.5Zm9.008-5a.75.75 0 0 1 .102 1.493l-.102.007H9.752a.75.75 0 0 1-.102-1.493l.102-.007h5.507Zm-9.008 0a.75.75 0 0 1 .102 1.493l-.102.007h-.5a.75.75 0 0 1-.101-1.493l.101-.007h.5Z" fill="currentColor" fill-rule="nonzero"></path></svg></span></button></div></div><div class="sc-d29e4bca-10 kelKLc"><div class="sc-d29e4bca-12 iEmMAf"> 2 för
                  </div><div class="sc-9270b5eb-0 eESqg" data-testid="product-price"><div class="sc-9270b5eb-1 kxcZnM"><span class="sc-9270b5eb-2 gIEzQM">30</span><span class="sc-9270b5eb-3 enMhbY"></span><div class="sc-9270b5eb-4 iSBFJY"><span class="sc-9270b5eb-5 kavxJt">00</span><span class="sc-9270b5eb-6 hTVqeQ"></span></div></div></div></div><div class="sc-d29e4bca-17 gDHIqT"></div><button class="sc-c5497fb8-0 iXJhuE" type="button"><span type="mixmatch" class="sc-b7f8526d-0 bKPYUA">Välj &amp; Blanda</span></button></div><div class="sc-d29e4bca-3 hybTXH"><div itemprop="name" class="sc-d29e4bca-5 dFbdab">Saltlakrits Gräddglass</div><div class="sc-d29e4bca-6 jcKBWw"><span itemprop="brand" class="sc-d29e4bca-7 ixEPqC">Sia Glass</span></div><div class="sc-d29e4bca-6 jcKBWw"><span class="sc-d29e4bca-8 fjSfGP">0.5l</span></div><div class="sc-d29e4bca-4 hOVxrK"><div class="sc-d29e4bca-14 iOJJjG">Ordinarie pris 16,90 kr/st</div><div class="sc-d29e4bca-16 iKWolk">Jmf-pris 33,80 kr/l</div><div class="sc-d29e4bca-13 hRjtsf">Jmf-pris 30,00 kr/l</div></div><div class="sc-9f11aa96-1 gUcqVE" disabled=""><button title="Minska antal" type="button" disabled="" class="sc-9f11aa96-2 ZGibe"><span data-testid="icon-minus" class="sc-aa256264-1 bFmDBX" style="color:#949494"><svg xmlns="http://www.w3.org/2000/svg" width="16" height="16" viewBox="0 0 16 16"><path fill="currentColor" d="M15.25 7.25a.75.75 0 0 1 .102 1.493l-.102.007H.75a.75.75 0 0 1-.102-1.493L.75 7.25h14.5z"></path></svg></span></button><div class="sc-9f11aa96-4 iZqCTV"><div class="sc-19fa22dc-1 hRyfKT"><div class="sc-19fa22dc-6 MrpxB"></div><input name="quantity" type="text" maxlength="250" aria-label="Ändra produktantal" class="sc-19fa22dc-0 hPVmQo sc-9f11aa96-5 bJwNdv" value="0 st" disabled=""></div></div><button title="Öka antal" type="button" class="sc-9f11aa96-2 ZGibe" disabled=""><span data-testid="icon-plus" class="sc-aa256264-1 bFmDBX" style="color:#FFFFFF"><svg xmlns="http://www.w3.org/2000/svg" width="16" height="16" viewBox="0 0 16 16"><path fill="currentColor" d="M8 0a.75.75 0 0 1 .75.75v6.5h6.5a.75.75 0 0 1 0 1.5h-6.5v6.5a.75.75 0 0 1-1.5 0v-6.5H.75a.75.75 0 0 1 0-1.5h6.5V.75A.75.75 0 0 1 8 0Z"></path></svg></span></button></div></div><div itemprop="offers" itemtype="http://schema.org/Offer" itemscope=""><link itemprop="url" href="/produkt/Saltlakrits-Graddglass-101220064_ST"><meta itemprop="availability" content="https://schema.org/InStock"><meta itemprop="priceCurrency" content="SEK"><meta itemprop="price" content="16,90"></div><meta itemprop="description" content="SIA GLASS, 0.5l"></div><div data-testid="product" class="sc-d29e4bca-0 jGOOKl" itemscope="" itemtype="https://schema.org/Product"><div class="sc-d29e4bca-2 lghUUL"><a class="sc-f1f2eb33-0 hzJRJT" href="/produkt/Jordgubb-Graddglass-101469285_ST"><div class="sc-d29e4bca-1 AneEd"><div class="sc-bc8bed15-0 AYuHp"><span style="box-sizing:border-box;display:inline-block;overflow:hidden;width:initial;height:initial;background:none;opacity:1;border:0;margin:0;padding:0;position:relative;max-width:100%"><span style="box-sizing:border-box;display:block;width:initial;height:initial;background:none;opacity:1;border:0;margin:0;padding:0;max-width:100%"><img style="display:block;max-width:100%;width:initial;height:initial;background:none;opacity:1;border:0;margin:0;padding:0" alt="" aria-hidden="true" src="data:image/svg+xml,%3csvg%20xmlns=%27http://www.w3.org/2000/svg%27%20version=%271.1%27%20width=%27132%27%20height=%27132%27/%3e"></span><img itemprop="image" src="data:image/gif;base64,R0lGODlhAQABAIAAAAAAAP///yH5BAEAAAAALAAAAAABAAEAAAIBRAA7" decoding="async" data-nimg="intrinsic" style="position:absolute;top:0;left:0;bottom:0;right:0;box-sizing:border-box;padding:0;border:none;margin:auto;display:block;width:0;height:0;min-width:100%;max-width:100%;min-height:100%;max-height:100%"><noscript><img itemProp="image" src="https://d2rfo6yapuixuu.cloudfront.net/hcd/h8d/13923524149278/7312690201302_1675137322702_master_axfood_300" decoding="async" data-nimg="intrinsic" style="position:absolute;top:0;left:0;bottom:0;right:0;box-sizing:border-box;padding:0;border:none;margin:auto;display:block;width:0;height:0;min-width:100%;max-width:100%;min-height:100%;max-height:100%" loading="lazy"/></noscript></span></div></div></a><div class="sc-d29e4bca-9 fQCUtu"><div class="sc-2ba9c6a8-0 iNQNDm"><button data-testid="add-to-list-button" class="sc-c5497fb8-0 iXJhuE sc-2ba9c6a8-2 fWarGq" type="button" title="Spara till lista"><span data-testid="icon" class="sc-aa256264-1 bFmDBX" style="color:#181818"><svg width="24" height="24" viewBox="0 0 24 24" xmlns="http://www.w3.org/2000/svg"><path d="M20 .018a.75.75 0 0 1 .743.648l.007.102V12a.75.75 0 0 1-1.493.102L19.25 12V1.518H1.513V22.5H12a.75.75 0 0 1 .743.649l.007.102a.75.75 0 0 1-.648.743L12 24H.763a.75.75 0 0 1-.743-.649l-.007-.101V.768A.75.75 0 0 1 .662.025L.763.018H20Zm.02 16.024a.75.75 0 0 1 .742.65l.007.103-.008 2.454 2.517.001a.75.75 0 0 1 .102 1.493l-.102.007h-2.522l-.006 2.503a.75.75 0 0 1-1.493.097l-.007-.102.006-2.499-2.497.001a.75.75 0 0 1-.101-1.493l.101-.007h2.502l.008-2.46a.75.75 0 0 1 .752-.748Zm-6.766.208a.75.75 0 0 1 .102 1.493l-.102.007H9.752a.75.75 0 0 1-.102-1.493l.102-.007h3.502Zm-7.003 0a.75.75 0 0 1 .102 1.493l-.102.007h-.5a.75.75 0 0 1-.101-1.493l.101-.007h.5Zm9.008-5a.75.75 0 0 1 .102 1.493l-.102.007H9.752a.75.75 0 0 1-.102-1.493l.102-.007h5.507Zm-9.008 0a.75.75 0 0 1 .102 1.493l-.102.007h-.5a.75.75 0 0 1-.101-1.493l.101-.007h.5Zm9.008-5a.75.75 0 0 1 .102 1.493l-.102.007H9.752a.75.75 0 0 1-.102-1.493l.102-.007h5.507Zm-9.008 0a.75.75 0 0 1 .102 1.493l-.102.007h-.5a.75.75 0 0 1-.101-1.493l.101-.007h.5Z" fill="currentColor" fill-rule="nonzero"></path></svg></span></button></div></div><div class="sc-d29e4bca-10 kelKLc"><div class="sc-d29e4bca-12 iEmMAf"> 2 för
                  </div><div class="sc-9270b5eb-0 eESqg" data-testid="product-price"><div class="sc-9270b5eb-1 kxcZnM"><span class="sc-9270b5eb-2 gIEzQM">30</span><span class="sc-9270b5eb-3 enMhbY"></span><div class="sc-9270b5eb-4 iSBFJY"><span class="sc-9270b5eb-5 kavxJt">00</span><span class="sc-9270b5eb-6 hTVqeQ"></span></div></div></div></div><div class="sc-d29e4bca-17 gDHIqT"></div><button class="sc-c5497fb8-0 iXJhuE" type="button"><span type="mixmatch" class="sc-b7f8526d-0 bKPYUA">Välj &amp; Blanda</span></button></div><div class="sc-d29e4bca-3 hybTXH"><div itemprop="name" class="sc-d29e4bca-5 dFbdab">Jordgubb Gräddglass</div><div class="sc-d29e4bca-6 jcKBWw"><span itemprop="brand" class="sc-d29e4bca-7 ixEPqC">Sia Glass</span></div><div class="sc-d29e4bca-6 jcKBWw"><span class="sc-d29e4bca-8 fjSfGP">0,5l</span></div><div class="sc-d29e4bca-4 hOVxrK"><div class="sc-d29e4bca-14 iOJJjG">Ordinarie pris 16,90 kr/st</div><div class="sc-d29e4bca-16 iKWolk">Jmf-pris 33,80 kr/l</div><div class="sc-d29e4bca-13 hRjtsf">Jmf-pris 30,00 kr/l</div></div><div class="sc-9f11aa96-1 gUcqVE" disabled=""><button title="Minska antal" type="button" disabled="" class="sc-9f11aa96-2 ZGibe"><span data-testid="icon-minus" class="sc-aa256264-1 bFmDBX" style="color:#949494"><svg xmlns="http://www.w3.org/2000/svg" width="16" height="16" viewBox="0 0 16 16"><path fill="currentColor" d="M15.25 7.25a.75.75 0 0 1 .102 1.493l-.102.007H.75a.75.75 0 0 1-.102-1.493L.75 7.25h14.5z"></path></svg></span></button><div class="sc-9f11aa96-4 iZqCTV"><div class="sc-19fa22dc-1 hRyfKT"><div class="sc-19fa22dc-6 MrpxB"></div><input name="quantity" type="text" maxlength="250" aria-label="Ändra produktantal" class="sc-19fa22dc-0 hPVmQo sc-9f11aa96-5 bJwNdv" value="0 st" disabled=""></div></div><button title="Öka antal" type="button" class="sc-9f11aa96-2 ZGibe" disabled=""><span data-testid="icon-plus" class="sc-aa256264-1 bFmDBX" style="color:#FFFFFF"><svg xmlns="http://www.w3.org/2000/svg" width="16" height="16" viewBox="0 0 16 16"><path fill="currentColor" d="M8 0a.75.75 0 0 1 .75.75v6.5h6.5a.75.75 0 0 1 0 1.5h-6.5v6.5a.75.75 0 0 1-1.5 0v-6.5H.75a.75.75 0 0 1 0-1.5h6.5V.75A.75.75 0 0 1 8 0Z"></path></svg></span></button></div></div><div itemprop="offers" itemtype="http://schema.org/Offer" itemscope=""><link itemprop="url" href="/produkt/Jordgubb-Graddglass-101469285_ST"><meta itemprop="availability" content="https://schema.org/InStock"><meta itemprop="priceCurrency" content="SEK"><meta itemprop="price" content="16,90"></div><meta itemprop="description" content="SIA GLASS, 0,5l"></div><div data-testid="product" class="sc-d29e4bca-0 jGOOKl" itemscope="" itemtype="https://schema.org/Product"><div class="sc-d29e4bca-2 lghUUL"><a class="sc-f1f2eb33-0 hzJRJT" href="/produkt/Wienernougat-Graddglass-100382211_ST"><div class="sc-d29e4bca-1 AneEd"><div class="sc-bc8bed15-0 AYuHp"><span style="box-sizing:border-box;display:inline-block;overflow:hidden;width:initial;height:initial;background:none;opacity:1;border:0;margin:0;padding:0;position:relative;max-width:100%"><span style="box-sizing:border-box;display:block;width:initial;height:initial;background:none;opacity:1;border:0;margin:0;padding:0;max-width:100%"><img style="display:block;max-width:100%;width:initial;height:initial;background:none;opacity:1;border:0;margin:0;padding:0" alt="" aria-hidden="true" src="data:image/svg+xml,%3csvg%20xmlns=%27http://www.w3.org/2000/svg%27%20version=%271.1%27%20width=%27132%27%20height=%27132%27/%3e"></span><img itemprop="image" src="data:image/gif;base64,R0lGODlhAQABAIAAAAAAAP///yH5BAEAAAAALAAAAAABAAEAAAIBRAA7" decoding="async" data-nimg="intrinsic" style="position:absolute;top:0;left:0;bottom:0;right:0;box-sizing:border-box;padding:0;border:none;margin:auto;display:block;width:0;height:0;min-width:100%;max-width:100%;min-height:100%;max-height:100%"><noscript><img itemProp="image" src="https://d2rfo6yapuixuu.cloudfront.net/h0b/hd0/13112353947678/7312690021146_1655878231228_master_axfood_300" decoding="async" data-nimg="intrinsic" style="position:absolute;top:0;left:0;bottom:0;right:0;box-sizing:border-box;padding:0;border:none;margin:auto;display:block;width:0;height:0;min-width:100%;max-width:100%;min-height:100%;max-height:100%" loading="lazy"/></noscript></span></div></div></a><div class="sc-d29e4bca-9 fQCUtu"><div class="sc-2ba9c6a8-0 iNQNDm"><button data-testid="add-to-list-button" class="sc-c5497fb8-0 iXJhuE sc-2ba9c6a8-2 fWarGq" type="button" title="Spara till lista"><span data-testid="icon" class="sc-aa256264-1 bFmDBX" style="color:#181818"><svg width="24" height="24" viewBox="0 0 24 24" xmlns="http://www.w3.org/2000/svg"><path d="M20 .018a.75.75 0 0 1 .743.648l.007.102V12a.75.75 0 0 1-1.493.102L19.25 12V1.518H1.513V22.5H12a.75.75 0 0 1 .743.649l.007.102a.75.75 0 0 1-.648.743L12 24H.763a.75.75 0 0 1-.743-.649l-.007-.101V.768A.75.75 0 0 1 .662.025L.763.018H20Zm.02 16.024a.75.75 0 0 1 .742.65l.007.103-.008 2.454 2.517.001a.75.75 0 0 1 .102 1.493l-.102.007h-2.522l-.006 2.503a.75.75 0 0 1-1.493.097l-.007-.102.006-2.499-2.497.001a.75.75 0 0 1-.101-1.493l.101-.007h2.502l.008-2.46a.75.75 0 0 1 .752-.748Zm-6.766.208a.75.75 0 0 1 .102 1.493l-.102.007H9.752a.75.75 0 0 1-.102-1.493l.102-.007h3.502Zm-7.003 0a.75.75 0 0 1 .102 1.493l-.102.007h-.5a.75.75 0 0 1-.101-1.493l.101-.007h.5Zm9.008-5a.75.75 0 0 1 .102 1.493l-.102.007H9.752a.75.75 0 0 1-.102-1.493l.102-.007h5.507Zm-9.008 0a.75.75 0 0 1 .102 1.493l-.102.007h-.5a.75.75 0 0 1-.101-1.493l.101-.007h.5Zm9.008-5a.75.75 0 0 1 .102 1.493l-.102.007H9.752a.75.75 0 0 1-.102-1.493l.102-.007h5.507Zm-9.008 0a.75.75 0 0 1 .102 1.493l-.102.007h-.5a.75.75 0 0 1-.101-1.493l.101-.007h.5Z" fill="currentColor" fill-rule="nonzero"></path></svg></span></button></div></div><div class="sc-d29e4bca-10 kelKLc"><div class="sc-d29e4bca-12 iEmMAf"> 2 för
                  </div><div class="sc-9270b5eb-0 eESqg" data-testid="product-price"><div class="sc-9270b5eb-1 kxcZnM"><span class="sc-9270b5eb-2 gIEzQM">30</span><span class="sc-9270b5eb-3 enMhbY"></span><div class="sc-9270b5eb-4 iSBFJY"><span class="sc-9270b5eb-5 kavxJt">00</span><span class="sc-9270b5eb-6 hTVqeQ"></span></div></div></div></div><div class="sc-d29e4bca-17 gDHIqT"></div><button class="sc-c5497fb8-0 iXJhuE" type="button"><span type="mixmatch" class="sc-b7f8526d-0 bKPYUA">Välj &amp; Blanda</span></button></div><div class="sc-d29e4bca-3 hybTXH"><div itemprop="name" class="sc-d29e4bca-5 dFbdab">Wienernougat Gräddglass</div><div class="sc-d29e4bca-6 jcKBWw"><span itemprop="brand" class="sc-d29e4bca-7 ixEPqC">Sia Glass</span></div><div class="sc-d29e4bca-6 jcKBWw"><span class="sc-d29e4bca-8 fjSfGP">0.5l</span></div><div class="sc-d29e4bca-4 hOVxrK"><div class="sc-d29e4bca-14 iOJJjG">Ordinarie pris 16,90 kr/st</div><div class="sc-d29e4bca-16 iKWolk">Jmf-pris 33,80 kr/l</div><div class="sc-d29e4bca-13 hRjtsf">Jmf-pris 30,00 kr/l</div></div><div class="sc-9f11aa96-1 gUcqVE" disabled=""><button title="Minska antal" type="button" disabled="" class="sc-9f11aa96-2 ZGibe"><span data-testid="icon-minus" class="sc-aa256264-1 bFmDBX" style="color:#949494"><svg xmlns="http://www.w3.org/2000/svg" width="16" height="16" viewBox="0 0 16 16"><path fill="currentColor" d="M15.25 7.25a.75.75 0 0 1 .102 1.493l-.102.007H.75a.75.75 0 0 1-.102-1.493L.75 7.25h14.5z"></path></svg></span></button><div class="sc-9f11aa96-4 iZqCTV"><div class="sc-19fa22dc-1 hRyfKT"><div class="sc-19fa22dc-6 MrpxB"></div><input name="quantity" type="text" maxlength="250" aria-label="Ändra produktantal" class="sc-19fa22dc-0 hPVmQo sc-9f11aa96-5 bJwNdv" value="0 st" disabled=""></div></div><button title="Öka antal" type="button" class="sc-9f11aa96-2 ZGibe" disabled=""><span data-testid="icon-plus" class="sc-aa256264-1 bFmDBX" style="color:#FFFFFF"><svg xmlns="http://www.w3.org/2000/svg" width="16" height="16" viewBox="0 0 16 16"><path fill="currentColor" d="M8 0a.75.75 0 0 1 .75.75v6.5h6.5a.75.75 0 0 1 0 1.5h-6.5v6.5a.75.75 0 0 1-1.5 0v-6.5H.75a.75.75 0 0 1 0-1.5h6.5V.75A.75.75 0 0 1 8 0Z"></path></svg></span></button></div></div><div itemprop="offers" itemtype="http://schema.org/Offer" itemscope=""><link itemprop="url" href="/produkt/Wienernougat-Graddglass-100382211_ST"><meta itemprop="availability" content="https://schema.org/InStock"><meta itemprop="priceCurrency" content="SEK"><meta itemprop="price" content="16,90"></div><meta itemprop="description" content="SIA GLASS, 0.5l"></div><div data-testid="product" class="sc-d29e4bca-0 jGOOKl" itemscope="" itemtype="https://schema.org/Product"><div class="sc-d29e4bca-2 lghUUL"><a class="sc-f1f2eb33-0 hzJRJT" href="/produkt/Vit-Choklad-Graddglass-101249488_ST"><div class="sc-d29e4bca-1 AneEd"><div class="sc-bc8bed15-0 AYuHp"><span style="box-sizing:border-box;display:inline-block;overflow:hidden;width:initial;height:initial;background:none;opacity:1;border:0;margin:0;padding:0;position:relative;max-width:100%"><span style="box-sizing:border-box;display:block;width:initial;height:initial;background:none;opacity:1;border:0;margin:0;padding:0;max-width:100%"><img style="display:block;max-width:100%;width:initial;height:initial;background:none;opacity:1;border:0;margin:0;padding:0" alt="" aria-hidden="true" src="data:image/svg+xml,%3csvg%20xmlns=%27http://www.w3.org/2000/svg%27%20version=%271.1%27%20width=%27132%27%20height=%27132%27/%3e"></span><img itemprop="image" src="data:image/gif;base64,R0lGODlhAQABAIAAAAAAAP///yH5BAEAAAAALAAAAAABAAEAAAIBRAA7" decoding="async" data-nimg="intrinsic" style="position:absolute;top:0;left:0;bottom:0;right:0;box-sizing:border-box;padding:0;border:none;margin:auto;display:block;width:0;height:0;min-width:100%;max-width:100%;min-height:100%;max-height:100%"><noscript><img itemProp="image" src="https://d2rfo6yapuixuu.cloudfront.net/h22/h74/13112355258398/7312690021320_1655878239957_master_axfood_300" decoding="async" data-nimg="intrinsic" style="position:absolute;top:0;left:0;bottom:0;right:0;box-sizing:border-box;padding:0;border:none;margin:auto;display:block;width:0;height:0;min-width:100%;max-width:100%;min-height:100%;max-height:100%" loading="lazy"/></noscript></span></div></div></a><div class="sc-d29e4bca-9 fQCUtu"><div class="sc-2ba9c6a8-0 iNQNDm"><button data-testid="add-to-list-button" class="sc-c5497fb8-0 iXJhuE sc-2ba9c6a8-2 fWarGq" type="button" title="Spara till lista"><span data-testid="icon" class="sc-aa256264-1 bFmDBX" style="color:#181818"><svg width="24" height="24" viewBox="0 0 24 24" xmlns="http://www.w3.org/2000/svg"><path d="M20 .018a.75.75 0 0 1 .743.648l.007.102V12a.75.75 0 0 1-1.493.102L19.25 12V1.518H1.513V22.5H12a.75.75 0 0 1 .743.649l.007.102a.75.75 0 0 1-.648.743L12 24H.763a.75.75 0 0 1-.743-.649l-.007-.101V.768A.75.75 0 0 1 .662.025L.763.018H20Zm.02 16.024a.75.75 0 0 1 .742.65l.007.103-.008 2.454 2.517.001a.75.75 0 0 1 .102 1.493l-.102.007h-2.522l-.006 2.503a.75.75 0 0 1-1.493.097l-.007-.102.006-2.499-2.497.001a.75.75 0 0 1-.101-1.493l.101-.007h2.502l.008-2.46a.75.75 0 0 1 .752-.748Zm-6.766.208a.75.75 0 0 1 .102 1.493l-.102.007H9.752a.75.75 0 0 1-.102-1.493l.102-.007h3.502Zm-7.003 0a.75.75 0 0 1 .102 1.493l-.102.007h-.5a.75.75 0 0 1-.101-1.493l.101-.007h.5Zm9.008-5a.75.75 0 0 1 .102 1.493l-.102.007H9.752a.75.75 0 0 1-.102-1.493l.102-.007h5.507Zm-9.008 0a.75.75 0 0 1 .102 1.493l-.102.007h-.5a.75.75 0 0 1-.101-1.493l.101-.007h.5Zm9.008-5a.75.75 0 0 1 .102 1.493l-.102.007H9.752a.75.75 0 0 1-.102-1.493l.102-.007h5.507Zm-9.008 0a.75.75 0 0 1 .102 1.493l-.102.007h-.5a.75.75 0 0 1-.101-1.493l.101-.007h.5Z" fill="currentColor" fill-rule="nonzero"></path></svg></span></button></div></div><div class="sc-d29e4bca-10 kelKLc"><div class="sc-d29e4bca-12 iEmMAf"> 2 för
                  </div><div class="sc-9270b5eb-0 eESqg" data-testid="product-price"><div class="sc-9270b5eb-1 kxcZnM"><span class="sc-9270b5eb-2 gIEzQM">30</span><span class="sc-9270b5eb-3 enMhbY"></span><div class="sc-9270b5eb-4 iSBFJY"><span class="sc-9270b5eb-5 kavxJt">00</span><span class="sc-9270b5eb-6 hTVqeQ"></span></div></div></div></div><div class="sc-d29e4bca-17 gDHIqT"></div><button class="sc-c5497fb8-0 iXJhuE" type="button"><span type="mixmatch" class="sc-b7f8526d-0 bKPYUA">Välj &amp; Blanda</span></button></div><div class="sc-d29e4bca-3 hybTXH"><div itemprop="name" class="sc-d29e4bca-5 dFbdab">Vit Choklad Gräddglass</div><div class="sc-d29e4bca-6 jcKBWw"><span itemprop="brand" class="sc-d29e4bca-7 ixEPqC">Sia Glass</span></div><div class="sc-d29e4bca-6 jcKBWw"><span class="sc-d29e4bca-8 fjSfGP">0.5l</span></div><div class="sc-d29e4bca-4 hOVxrK"><div class="sc-d29e4bca-14 iOJJjG">Ordinarie pris 16,90 kr/st</div><div class="sc-d29e4bca-16 iKWolk">Jmf-pris 33,80 kr/l</div><div class="sc-d29e4bca-13 hRjtsf">Jmf-pris 30,00 kr/l</div></div><div class="sc-9f11aa96-1 gUcqVE" disabled=""><button title="Minska antal" type="button" disabled="" class="sc-9f11aa96-2 ZGibe"><span data-testid="icon-minus" class="sc-aa256264-1 bFmDBX" style="color:#949494"><svg xmlns="http://www.w3.org/2000/svg" width="16" height="16" viewBox="0 0 16 16"><path fill="currentColor" d="M15.25 7.25a.75.75 0 0 1 .102 1.493l-.102.007H.75a.75.75 0 0 1-.102-1.493L.75 7.25h14.5z"></path></svg></span></button><div class="sc-9f11aa96-4 iZqCTV"><div class="sc-19fa22dc-1 hRyfKT"><div class="sc-19fa22dc-6 MrpxB"></div><input name="quantity" type="text" maxlength="250" aria-label="Ändra produktantal" class="sc-19fa22dc-0 hPVmQo sc-9f11aa96-5 bJwNdv" value="0 st" disabled=""></div></div><button title="Öka antal" type="button" class="sc-9f11aa96-2 ZGibe" disabled=""><span data-testid="icon-plus" class="sc-aa256264-1 bFmDBX" style="color:#FFFFFF"><svg xmlns="http://www.w3.org/2000/svg" width="16" height="16" viewBox="0 0 16 16"><path fill="currentColor" d="M8 0a.75.75 0 0 1 .75.75v6.5h6.5a.75.75 0 0 1 0 1.5h-6.5v6.5a.75.75 0 0 1-1.5 0v-6.5H.75a.75.75 0 0 1 0-1.5h6.5V.75A.75.75 0 0 1 8 0Z"></path></svg></span></button></div></div><div itemprop="offers" itemtype="http://schema.org/Offer" itemscope=""><link itemprop="url" href="/produkt/Vit-Choklad-Graddglass-101249488_ST"><meta itemprop="availability" content="https://schema.org/InStock"><meta itemprop="priceCurrency" content="SEK"><meta itemprop="price" content="16,90"></div><meta itemprop="description" content="SIA GLASS, 0.5l"></div></div><div data-testid="loadmore-wrapper" class="sc-917bb077-0 bAZNWk"><div class="sc-917bb077-1 iwaSdr"><p color="black" type="subhead" title="" class="sc-de2d19ce-0 bVgLRI sc-917bb077-2 kfdEyW">Visar 20 av 935</p><div data-testid="progressbar-bar" class="sc-1c531510-0 hFxVBi"><div data-testid="progressbar-progress" width="0" class="sc-1c531510-1 iTsmRK"></div></div><button data-testid="load-more-btn" class="sc-c5497fb8-0 QCLSN sc-917bb077-3 jMyLhq" type="button">Visa fler</button></div></div></div></div></section></main></div><footer class="sc-84d4fc3b-0 gAQBZJ"><div class="sc-84d4fc3b-10 eStHUp"><div class="sc-84d4fc3b-11 idHkxH"><a href="https://lakemedelsverket.se/ovriga-sidor/eu-logotyp-vidimering/#Z00257" rel="noopener noreferrer" target="_blank"><img src="/icons/pharmacy.svg" class="sc-84d4fc3b-12 gsuTKh"></a></div><p color="gray" type="body" title="" class="sc-de2d19ce-0 xGPja sc-84d4fc3b-13 ieUNau"></p></div></footer></div></div><div id="takeover-root"></div><script id="__NEXT_DATA__" type="application/json" crossorigin="anonymous">{"props":{"initialI18nStore":{"sv":{"account":{"title":"Mina uppgifter","preamble":"Här kan du se och redigera dina kunduppgifter.","customer":{"id":"Willys plusnummer","name":"Namn","address":"Adress","careOfAddress":"C/O","email":{"title":"Epost","new":"Ny e-postadress","repeat":"Upprepa ny e-postadress","placeholder":"Ange din e-postadress","subscribe":"Få information och erbjudanden via e-post","mismatch":"Fälten matchar inte","error":"Det går inte att uppdatera e-post just nu, vänligen försök igen om en liten stund."},"emailNotifications":{"title":"Erbjudanden via e-post","checked":"Ja","unchecked":"Nej","label":"Ja tack, jag vill få erbjudanden via e-post","error":"Det går inte att uppdatera e-post preferens just nu, vänligen försök igen om en liten stund."},"phone":{"title":"Mobilnummer","new":"Nytt mobilnummer","placeholder":"Ange mobilnummer (07xxxxxxxx)","error":"Det går inte att uppdatera telefonnummer just nu, vänligen försök igen om en liten stund."},"password":{"title":"Lösenord","current":"Nuvarande lösenord","invalid":"Ogiltigt lösenord","new":"Nytt lösenord","repeat":"Upprepa nytt lösenord","placeholderCurrent":"Ange ditt lösenord","placeholderNew":"Ange 6-30 bokstäver/siffror","error":"Det går inte att uppdatera lösenord just nu, vänligen försök igen om en liten stund.","passwordFormatError":"Ogiltigt lösenord. Lösenordet ska bestå av 6-30 tecken, samt en stor och en liten bokstav. Följande specialtecken kan användas: \\/\u003c\u003e_~@$%^\u0026*+=`|{}:;!.,?\"[]-.","passwordMatchError":"Fälten matchar inte"},"household":{"title":"Mitt hushåll","preamble":"Här kan du se personer som ingår i ditt Willys Plus-hushåll och lägga till medkontohavare.","mainAccountHolder":"Huvudkontohavare","coAccountHolder":"Medkontohavare","tooltip":"Kontakta kundtjänst om du vill ta bort en medkontohavare.","addCoAccountHolder":{"cta":"Lägg till medkontohavare","ssn":"Personnummer","ssnFormat":"Fel format. Vänligen ange ditt personnummer enligt: yyyymmddxxxx.","ssnPlaceholder":"Ange personnummer (ååååmmddxxxx)","email":"E-post","emailPlaceholder":"Ange e-postadress","phone":"Mobilnummer","phonePlaceholder":"Ange mobilnummer (07xxxxxxxx)","confirm":"Lägg till","cancel":"Avbryt"},"error":{"heading":"Nu gick något snett","hasAccount":"Personen du försöker lägga till är redan Willys Plus-kund. Vänligen kontakta kundtjänst för att slå samman era hushåll.","generic":"Prova gärna igen om en liten stund eller kontakta kundtjänst.","confirm":"Ok","tooYoung":"Medkontohavare måste ha fyllt 18 år"}},"cards":{"title":"Mina sparade kort","savedCards":"E-handel och Scan \u0026 go","savedCardsPreamble":"Dessa kort är sparade för köp på e-handel och Scan \u0026 Go. Du kan spara ett nytt kort i samband med att du genomför en order på e-handel eller ett köp med Scan \u0026 Go","linkedCards":"Willys Plus","linkedCardsPreamble":"Du kan koppla ett kort till Willys Plus i kassan, i samband med betalning.","noCards":"Inga kort registrerade","type":"Typ","cardMobile":"Kort","card":"Kortnummer","expire":"Utgår","remove":{"title":"Vill du ta bort ditt sparade kort?","confirm":"Ja","cancel":"Nej","error":"Det går inte att ta bort kort just nu, vänligen försök igen om en liten stund."}}},"company":{"title":"Kontouppgifter","preamble":"Behöver du ändra dessa uppgifter? \u003c0\u003eKontakta kundtjänst\u003c/0\u003e för att få hjälp.","companyName":"Firmanamn","altCompanyName":"Alternativt Firmanamn","orgNumber":"Organisationsnummer","shippingAddress":"Leveransadress","cards":{"title":"Sparade kort","preamble":"Dessa kort är sparade för köp på willys.se. Om du vill spara ett nytt kort kan du göra det i samband med att du genomför betalning av en e-handelsorder."},"accountInformation":{"title":"Kontouppgifter","preamble":"Behöver du ändra dessa uppgifter? \u003c0\u003eKontakta kundtjänst\u003c/0\u003e för att få hjälp.","companyName":"Firmanamn","altCompanyName":"Alternativt Firmanamn","orgNumber":"Organisationsnummer","shippingAddress":"Leveransadress"},"contactInformation":{"title":"Kontaktperson","customerId":"Kundnummer","name":"Namn (Kontaktperson)","email":"E-post","phone":"Telefonnummer"},"paymentInformation":{"title":"Betalsätt","invoiceTitle":"Faktura","paymentOption":"Valda betalsätt","invoiceOption":"Fakturaalternativ","invoiceRef":"Referens på faktura","creditPayment":"Faktura, kortbetalning","noCreditPayment":"Kortbetalning","paymentTooltip":"Vi erbjuder kort- och fakturabetalning för företagskunder. Om du endast ansökt om kortbetalning kan du ansöka om faktura via kundtjänst."}},"digitalReceipt":{"title":"Digitala kvitton","preamble":"Digitala kvitton nås under \u003c0\u003eMina köp\u003c/0\u003e på willys.se eller i Willys-appen. Du får inte längre fysiska kvitton i butik.","receiveDigitalReceipt":"Ja tack, jag vill få digitala kvitton.","readMore":"Läs mer om digitala kvitton","yes":"Ja","no":"Nej","error":"Just nu går det inte att spara ditt val. Försök igen om en stund."},"removeAccount":{"description":"Avsluta mitt konto och medlemskap hos Willys.","button":"Avsluta konto"}},"addToList":{"addToList":{"heading":{"unsaved":"Spara till lista","saved":"Sparad till lista!","new":"Skapa ny lista"},"button":{"unsaved":"Spara","saved":"Gå till listan","title":"Spara till lista"},"input":{"placeholder":"Ny lista"},"error":{"onGetLists":"Något gick fel","onSave":"Kan inte spara till listan","onCreate":"Kan inte spara ny lista!"},"new":{"label":"Ny lista"}}},"bankid":{"logo":"BankID","button":{"signInMobile":"Signera med Mobilt BankID","signInDesktop":"Signera med BankID","signInMobileThisUnit":"Mobilt BankID på denna enhet","signInMobileOtherUnit":"Mobilt BankID på annan enhet"},"label":{"ssn":"Personnummer"},"status":{"ACCESS_DENIED_RP":"Något gick fel, försök igen.","ALREADY_IN_PROGRESS":"Åtgärden avbröts. Du kan göra ett nytt försök att signera om några minuter.","CANCELLED":"Åtgärden avbruten. Försök igen.","CERTIFICATE_ERR":"Det BankID du försöker använda är för gammalt eller spärrat. Använd ett annat BankID eller hämta ett nytt hos din internetbank.","CLIENT_ERR":"Internt tekniskt fel. Uppdatera BankID-appen och försök igen.","COMPLETE":"Signering genomförd","CONNECTION_ERROR":"Kunde inte ansluta till BankID, försök igen.","EXPIRED_TRANSACTION":"BankID-appen svarar inte. Kontrollera att den är startad och att du har internetanslutning. Om du inte har något giltigt BankID kan du hämta ett hos din Bank. Försök sedan igen","INTERNAL_ERROR":"Internt tekniskt fel. Försök igen.","INVALID_PARAMETERS":"Något gick fel, försök igen.","NO_CLIENT":"Starta BankID på den enhet där du har den installerad.","OUTOFSERVICE_ERROR":"Tjänsten är inte tillgänglig just nu försök igen senare.","OUTSTANDING_TRANSACTION":"Starta BankID på den enhet där du har den installerad.","PENDING":"Skriv in din säkerhetskod i BankID-appen och välj ”Legitimera” eller ”Skriv under”","RETRY":"Internt tekniskt fel. Försök igen.","SELECT_SIGN_IN_METHOD":"För att gå vidare behöver du signera med ditt BankID","START_FAILED":"BankID-appen verkar inte finnas i din dator eller telefon. Installera den och hämta ett BankID hos din internetbank. Installera appen från install.bankid.com.","UNAUTHORIZED_ERROR":"Kunde inte ansluta till BankID. Kontrollera personnummer.","UNDEFINED":"Något gick fel, försök igen.","USER_CANCEL":"Du har valt att avbryta legitimeringen eller underskriften i BankID säkerhetsapp.","USER_SIGN":"Skriv in din säkerhetskod i BankID-appen och välj ”Legitimera” eller ”Skriv under”"}},"breadcrumbs":{"home":"Hem","myLists":"Mina listor"},"cart":{"cancelDelete":"Ångra ta bort","outOfStock":"Tillfälligt slut","promotion":{"price":{"savings":"Du sparar {{savings}}"},"deposit":"+pant"},"table":{"headings":{"category":"Kategori","price":"Ord.pris","amount":"Antal","summary":"Summa"},"summary":{"totalUnitCount":"Antal varor","orderSummary":"Orderöversikt","subTotalWithDiscounts":"Total varukostnad","bufferedAmount":"Reserverat för viktvaror 10%","bufferedAmountTooltip":"Vi reserverar 10% av det totala ordervärdet för att ta höjd för viktvariation på varor med kilopris samt antal kassar. När ordern är plockad justeras det reserverade beloppet så att du endast betalar för den faktiska vikten på dina varor samt antal kassar (2,00kr/st).","pickingCost":"Plockavgift","pickUpCost":"Expressavgift","pickUpExternalLocationCost":"Hämtavgift","deliveryModeCode":{"homeDelivery":"Hemleverans","homeDeliveryB2b":"Leverans","pickupInStore":"Hämta i butik"},"appliedVouchers":{"external":"Värdecheck","notExternal":"Rabattkod {{name}}","tooltip":"Rabatten räknas ut på din totala varukorg inkl. erbjudanden. Rabatten räknar inte med det belopp som är reserverat för viktvaror eller rabattkoder/värdecheckar. Du får inte heller rabatt på varor som tillhör kategorierna läkemedel, lotter eller tobak."},"reservedAmount":"Totalbelopp","reservedAmountB2b":"Preliminärt totalbelopp","totalDepositSum":"Varav pant: {{deposit}}","netTax":"Varav moms:","totalPromotionDiscount":"Du sparar totalt","employeeDiscountTotal":"Erhållen personalrabatt","oldOrderPrice":"Tidigare totalbelopp:","priceDiff":"Mellanskillnad:"}},"button":{"empty":"Töm varukorg","saveToList":"Spara till lista","delete":"Ta bort"},"restriction":{"alt":"{{type}} restriktion","age15":"Beställningen innehåller varor som har en åldersgräns. Detta innebär att någon över 15 år måste ta emot leveransen.","age18":"Beställningen innehåller varor som har en åldersgräns. Detta innebär att någon över 18 år måste ta emot leveransen.","nicotine":"Nikotinläkemedel får inte säljas vidare vid misstanke om langning till någon som inte har fyllt 18 år.","nicotineLabel":"Får ej säljas vid misstanke om langning."},"productReplacement":{"replaceAllDescription":"Om varor i din order är tillfälligt slut ersätter vi dem om möjligt med jämförbara varor.","replaceSomeDescription":"Om varor i din order är tillfälligt slut ersätter vi om möjligt utvalda varor med jämförbara varor.","replaceNoneDescription":"Om varor i din order är tillfälligt slut ersätter vi dem inte.","editButton":"Hantera ersättningsvaror","closeButton":"Stäng","replaceAllCheckbox":"Tillåt ersättningsvaror för alla varor","replaceEkoCheckbox":"Ekologiska varor kan ersättas med ej ekologiska varor","replaceEkoTooltip":"Om en ekovara du köpt är tillfälligt slut när vi plockar din order kan vi ersätta den med en jämförbar vara som inte är ekologisk.","replaceCheckbox":"Ersätt vara","notReplaceableLabel":"Ej ersättningsbar"},"loyalty":{"youCanSave":"Du kan spara ytterligare","logIn":"Logga in ","or":"eller","createAccount":" skapa konto ","toSave":"för att spara mer."}},"cartConflictModal":{"replace":"Ersätt","dontReplace":"Ersätt inte","replaceWith":"Ersätt med","outOfStock":"Tillfälligt slut","productNotInStock":"Varor ej i lager","products":"{{amount}} st varor","singleProduct":"En vara","productsNotAvailable":"Varor ej tillgängliga","replacementItemsCouldNotBeFound":"Ersättningsförslag kunde inte hittas för dessa varor och de kommer därför att tas bort från din varukorg.","continue":"Fortsätt","cancel":"Avbryt","sizeVariation":"Storlek och antal kan variera"},"cartpage":{"title":{"oneProduct":"Varukorg (1 vara)","multipleProducts":"Varukorg ({{amountOfItems}} varor)","mobile":"Varukorg ({{amountOfItems}})"},"loading":{"title":"Hämtar din varukorg","body":"Snart kommer du se alla varor som lagts i varukorgen."},"empty":{"basketEmpty":"Din varukorg är tom!","useSearchFunction":"Använd sökfunktionen eller menyn till vänster för att hitta och lägga till varor."},"button":{"goToCheckout":"Gå till kassan","total":"Totalt: {{value}}"},"loginUsp":{"saveMore":"Spara mer med Willys\u003c0\u003ePlus\u003c/0\u003e","body":"En eller flera av dina varor har Willys Plus-pris. Logga in eller skapa konto för att","amount":"spara ytterligare {{amount}}","login":"Logga in","register":"Skapa konto"}},"cartpreview":{"cart":{"heading":"Varor ({{count}})","saveToList":"Spara som lista","clear":"Töm varukorgen","empty":{"title":"Dags att börja handla!","anonymousText":"\u003c0\u003eLogga in\u003c/0\u003e in så kan du lägga till varor från dina vanligaste varor, inköpslistor eller från dina tidigare köp.","loggedInText":"Tips! Du kan lägga till varor från dina \u003c0\u003evanligaste varor\u003c/0\u003e, \u003c1\u003einköpslistor\u003c/1\u003e eller från dina \u003c2\u003etidigare köp.\u003c/2\u003e","loggedInTextB2B":"Tips! Du kan lägga till varor från dina \u003c0\u003einköpslistor\u003c/0\u003e eller från dina \u003c1\u003etidigare köp.\u003c/1\u003e"},"useSearchFunction":"Använd sökfunktionen eller menyn till vänster för att hitta och lägga till varor.","goToCheckout":"Gå till kassan","totalPrice":"Totalt","youSave":"Du sparar","youCanSave":"Du kan spara ytterligare","logIn":"Logga in ","or":"eller","createAccount":" skapa konto ","toSave":"för att spara mer.","nicotineLabel":"Får ej säljas vid misstanke om langning."}},"categorypage":{"meta":{"title":"{{name}} | Willys","titleWithParent":"{{name}} | {{parent}} | Willys","description":"Handla {{assortment}} billigt online. Vi har {{totalResult}} produkter i vårt sortiment. Vår affärsidé: Sveriges billigaste matkasse.","descriptionWithParent":"Handla {{parentCategory}}: {{assortment}} billigt online. Vi har {{totalResult}} produkter i vårt sortiment. Vår affärsidé: Sveriges billigaste matkasse."},"totalResults":"{{totalResult}} varor","noProductsToShow":"Det finns inga produkter att visa för kategorin"},"checkoutEmptyCartModal":{"modal":{"text":{"line1":"Det var länge sedan du var aktiv, vänligen logga in igen för att fortsätta med din order."},"title":"Hoppsan!","buttons":{"ok":"Ok"}}},"checkoutpage":{"text":{"handledBySwedbankPay":"Betalningen hanteras av Swedbank Pay"},"button":{"backToCart":"Tillbaka till varukorgen","edit":"Ändra","continue":"Fortsätt","cancel":"Avbryt","pickUpInStore":"Hämta","homeDelivery":"Hemleverans","pay":"Betala","confirm":"Ok","confirmChoice":"Bekräfta val"},"label":{"name":"Namn","email":"E-post","cellphone":"Mobilnummer"},"input":{"doorCodePlaceholder":"Glöm inte ange ev. portkod! Max 10 tecken tillåtna","doorCodeInvalidLength":"Ogiltig längd, får max innehålla 10 tecken.","doorCodeInvalidCharacter":"Ogiltigt format, får endast innehålla bokstäver, siffror samt symbolerna # och *.","messageToDriverLabel":"Meddelande till chauffören","messageToDriverPlaceholder":"Skriv ett meddelande till chauffören här","messageToDriverInfo":"Till exempel vägbeskrivning eller andra instruktioner. Tyvärr är det inte möjligt att önska exakt klockslag för leveransen.","companyName":"Företagsnamn","firstName":"Förnamn","lastName":"Efternamn","co":"C/O","doorCode":"Portkod","address":"Adress","email":"E-post","cellphone":"Mobilnummer","invalidCellphone":"Ogiltigt mobiltelefonnummer (måste ha formatet 07X XXX XX XX)","saveToMyPages":"Spara dessa uppgifter på Mitt konto"},"title":{"payment":"Betalning","selectedTimeSlot":"Din valda tid ","status":"Status ","delivery":"Leverans","contactInfo":"Kontaktuppgifter","timeSlot":"Leveranstid","selectDeliveryMethod":"Välj leveranssätt: ","deliveryAddress":"Leveransadress","co":"C/O","deliveryMethod":{"homeDelivery":"Du har valt hemleverans","homeDeliveryB2B":"Du har valt leverans","pickUpInStore":"Du har valt hämta"},"deliveryInformation":"Använd sökfunktionen för att välja var du vill hämta dina varor."},"termsAndConditions":{"firstText":"Genom att fortsätta accepterar du Willys","firstLink":"e-handelsvillkor","secondText":"Läs mer om hur vi hanterar dina personuppgifter i Willys ","secondLink":"integritetspolicy"},"deliveryInformation":"Använd sökfunktionen för att välja var du vill hämta dina varor.","completeOrderBefore":"Beställ senast {{time}}.","completeOrderBeforeExpress":"Obs! Beställ senast {{time}}.","slotExpireTime":"Din valda tid släpps om du är inaktiv i 30 min.","payment":{"mode":{"payex":"Payex"}},"defaultAddress":{"name":"Willys Kungsbacka Hede","line1":"Tölöleden 5","postalAndTown":"43495 Kungsbacka"},"serverSideErrors":{"checkout.userOrderRef.error":"Ogiltigt personnummer."},"error":{"wrongStore":{"title":"Blev det rätt butik?","text":"Du har valt en Hämta-butik som du inte brukar handla i. Vänligen kontrollera butiksvalet."},"invoiceBlocked":{"title":"Fakturaköp ej möjligt","text":"Du har tyvärr inte möjlighet att handla på kredit just nu."},"orderLimit":{"title":"För högt ordervärde","text":"Du har överskridit företagets högsta tillåtna ordervärde som är {{orderLimit}} kr. Du kan välja att ta bort några varor och därefter genomföra beställningen."},"noDeliverySlot":{"title":"Välj leveranstid","text":"Din leveranstid är inte längre sparad, vänligen välj en ny."},"default":{"title":"Något gick fel","text":"Betalningen kunde inte genomföras. Vänligen försök igen om en liten stund."},"modal":{"supportText":"Har du frågor?","supportLinkText":"Kontakta kundtjänst."}}},"common":{"navigation":{"createAccount":"Skapa konto","myPages":"Mina sidor","myAccount":"Mitt konto","myOrders":"Mina köp","myLists":"Mina listor","logOut":"Logga ut","logIn":"Logga in"},"currency":{"kr":"kr"},"interaction":{"clearInput":"Rensa fält","showPassword":"Visa lösenord","hidePassword":"Dölj lösenord"},"units":{"kilogram":"kg","pieces":"st","percentage":"%"},"usps":{"news":"nyhet!"},"carousel":{"nextSlide":"Nästa","prevSlide":"Föregående"},"button":{"ok":"OK","cancel":"Avbryt","tryAgain":"Försök igen","submitting":"Skickar"},"input":{"invalidRequired":"Obligatoriskt fält","invalidEmail":"Ogiltig e-postadress","invalidPattern":"Ogiltigt format","invalidMinLength":"Måste vara minst {{minLength}} tecken!","invalidMaxLength":"Får vara max {{maxLength}} tecken!"},"store.openMessage.notOpen":"Ny butik - öppnar inom kort","store.openMessage.soon":"Ny butik - öppnar ","store.openMessage.open":"Öppet idag: "},"conflictListItem":{"replacementVolumeVaries":"Ersättningsmängd kan variera","depositPrice":"+pant","partiallyOutOfStock":"{{amountToReplace}} av {{totalAmount}} ersätts","amountOutOfStock":"{{amount}}{{unit}}","partiallyRemoveItems":"{{availableQuantity}} {{unit}} av {{pickQuantity}} kommer att tas bort"},"contactUsForm":{"title":"Kontakta oss via e-post","text":"För att kontakta oss via e-post, vänligen fyll i formuläret nedan så besvarar vi din fråga så snabbt vi kan.\n            Ange gärna ditt Willys Plus-nummer eller ditt personnummer för snabbare hantering av ditt ärende.","removeAccount":{"title":"Ta bort mitt konto och Willys Plus-medlemskap","text":"Vi kommer ta bort ditt konto inom en vecka. Efter det kommer du inte längre kunna logga in på willys.se eller i Willys-appen. Observera att ditt medlemskap och relaterade förmåner också raderas.","userMessage":"Jag vill ta bort mitt konto och Willys Plus-medlemskap.","confirmModalTitle":"Vill du ta bort ditt konto och Willys Plus-medlemskap?","confirmModalText":"Din begäran kommer behandlas inom en vecka och du kommer loggas ut ur appen."},"input":{"email":{"label":"E-postadress","placeholder":"Ange e-postadress"},"textArea":{"label":"Meddelande","placeholder":"Din fråga eller synpunkt"},"name":{"label":"Namn","placeholder":"Ange namn"},"mcn":{"label":"Willys Plus-nummer","placeholder":"Ange Willys Plus-nummer"},"sapId":{"label":"Kundnummer","placeholder":"Ange kundnummer"},"ssn":{"label":"PERSONNUMMER / WILLYS PLUS-NUMMER","placeholder":"ååååmmddxxxx/97xxxxxxxxxxxxxx","error":"Fel format. Ange endast siffror."},"orderNumber":{"label":"Ordernummer","placeholder":"Ange ordernummer","error":"Fel format. Ange endast siffror."},"reason":{"label":"Ärende","placeholder":"Välj ärende"},"store":{"label":"Butik","placeholder":"Välj butik"},"submit":{"label":"Skicka"},"uploadFile":{"select":"Välj fil","attach":"Bifoga fil","description":".jpg .png (Max 5 MB)","sizeError":"Du kan bifoga max 5 MB"}},"send":{"error":"Ärendet kunde inte skickas. Försök igen om en stund.","success":"Tack för ditt meddelande! Vi behandlar nu ditt ärende och återkommer med ett svar så snabbt vi kan."}},"createAccount":{"step1":{"b2c":{"title":"Skapa konto","subTitle":"Willys Plus","placeholderSsn":"Personnummer (ååååmmddxxxx)","tabTitle":"Privat","formatError":"Fel format. Vänligen ange ditt personnummer enligt: ååååmmddxxxx"},"b2b":{"title":"Skapa konto","subTitle":"Företag","placeholderOrg":"Organisationsnummer (XXXXXX-XXXX)","tabTitle":"Företag","formatError":"Fel format. Vänligen ange ditt organisationsnummer enligt xxxxxx-xxxx","notAllowedOrgNumber":"Tyvärr kan du inte bli företagskund med denna bolagsform. \u003c0\u003eKontakta kundtjänst\u003c/0\u003e för mer information.","companyNotFound":"Vi hittar inget företag registrerat på organisationnumret du angav. Vänligen kontrollera att du angett korrekt information eller kontakta kundtjänst om problemet kvarstår."},"error":{"register.error.default":"Just nu krånglar tekniken, vänligen försök igen.","register.socialSecurityNumber.age":"Du måste ha fyllt 18 år för att handla.","register.socialSecurityNumber.invalidFormat":"Fel format. Vänligen ange ditt personnummer enligt: ååååmmddxxxx"},"buttonText":"Nästa","infoText":"Redan Willys Plus-kund? \u003c0\u003eLogga in\u003c/0\u003e"},"step2":{"b2b":{"title":"Skapa konto","subTitle":"Företag","companyName":"Företagsnamn","alternateCompanyNameCheckbox":"Jag vill ange ett alternativt företagsnamn","companyNamePlaceholder":"Ange företagsnamn","paymentHeading":"Välj önskat betalsätt","paymentCard":"Kortbetalning","paymentInvoice":"Faktura och kortbetalning","invoiceHeading":"Faktura","invoiceEmail":"E-post för faktura","invoiceEmailPlaceholder":"Ange e-postadress","serviceProvider":"Tjänsteleverantörspartner","serviceProviderPlaceholder":"Ange tjänsteleverantörspartner","serviceProviderTooltip":"Den samarbetspartner ert företag använder sig av för att ta emot e-fakturor","invoiceReference":"Referens","invoiceReferencePlaceholder":"Ange referens","invoiceInfoText":"För dig som vill betala via autogiro kan du ansöka om det genom att skicka in en blankett som du finner på vår \u003c0\u003esida för företagskunder.\u003c/0\u003e","deliveryHeading":"Leveransadress","deliveryAddress":"Adress","deliveryAddressPlaceholder":"Ange gatuadress","postalCode":"Postnummer","postalCodePlaceholder":"Ange postnummer","town":"Postort","townPlaceholder":"Ange postort","invoiceCheckbox":"Välj annan fakturaadress","billingHeading":"Fakturaadress","billingAddress":"Adress","billingAddressPlaceholder":"Ange gatuadress","billingPostalCode":"Postnummer","billingPostalCodePlaceholder":"Ange postnummer","billingTown":"Postort","billingTownPlaceholder":"Ange postort","contactHeading":"Kontaktperson","firstName":"Förnamn","firstNamePlaceholder":"Ange förnamn","lastName":"Efternamn","lastNamePlaceholder":"Ange efternamn","email":"E-post","emailPlaceholder":"Ange e-postadress","phone":"Mobilnummer","phonePlaceholder":"Ange mobilnummer","password":"Lösenord (minst 6 tecken)","passwordPlaceholder":"Ange lösenord","checkPassword":"Upprepa lösenord","checkPasswordPlaceholder":"Ange lösenord","persistLogin":"Håll mig inloggad","terms":"Jag godkänner Willys \u003c0\u003eföretagsavtal\u003c/0\u003e. Läs om hur vi hanterar dina personuppgifter i Willys \u003c1\u003eintegritetspolicy\u003c/1\u003e*","submit":"Skicka","errors":{"title":"Konto skapades inte","fromBE":"Just nu kan du inte skapa ett konto. Vänligen försök igen om en liten stund.","address":"Felaktig adress","missingLetter":"Gatunumret i den angivna adressen saknar en bokstav. Vänligen försök igen.","postalCode":"Felaktigt postnummer","city":"Felaktig postort","invalidFormattedAddress":"Välj en leveransadress bland förslagen i listan."},"INVOICE_EMAIL":"Faktura via e-post (0 kr)","INVOICE_ELECTRONIC":"E-faktura (0 kr)","INVOICE_PAPER":"Pappersfaktura (50 kr)"},"b2c":{"title":"Skapa konto","subTitle":"Willys Plus","ssn":"Personnummer","digitalReceiptSubscribe":"Ja tack, jag vill få digitala kvitton","digitalReceiptInfo":"Dina digitala kvitton finns under Mina köp på willys.se eller i Willys-appen. Du får inte längre fysiska kvitton i butik. \u003c0\u003eLäs mer om digitala kvitton.\u003c/0\u003e","loginCheckbox":"Håll mig inloggad","acceptTerms":"Jag godkänner Willys Plus \u003c0\u003evillkor\u003c/0\u003e. Läs om hur vi hanterar dina personuppgifter i Willys \u003c1\u003eintegritetspolicy\u003c/1\u003e*","submit":"Skicka","password":"Lösenord (Minst 6 tecken)","passwordPlaceholder":"Lösenord","passwordRepeat":"Upprepa lösenord","email":"E-post","emailPlaceholder":"Ange din e-postadress","phone":"Mobilnummer","phonePlaceholder":"Ange ditt telefonnummer"},"error":{"title":"Konto skapades inte","general":"Just nu kan du inte skapa ett konto. Vänligen försök igen om en liten stund.","passwordFormatTitle":"Lösenordet ska bestå av:","passwordFormatError":"\u003c0\u003e6-30 tecken\u003c/0\u003e\u003c1\u003eEn stor och en liten bokstav.\u003c/1\u003e\u003c2\u003eFöljande specialtecken kan användas:\u003c/2\u003e","passwordFormatCharacters":"\\/\u003c\u003e_~@$%^\u0026+=`|{}:;!.,?[]"}},"confirmation":{"b2c":{"preambleLine1":"Välkommen till","preambleLine2":"Willys\u003c0\u003ePlus\u003c/0\u003e!","heading":"Grattis!","welcomeTextLine1":"Nu kan du börja handla som Willys Plus-kund.","welcomeTextLine2":"Ett bekräftelsemejl med dina kontouppgifter har skickats till: {{email}}","ctaText":"Se erbjudanden","uspHeading":"Willys\u003c0\u003ePlus\u003c/0\u003e","uspBody":"När du skapar konto blir du Willys Plus-kund och kan göra en ännu bättre affär hos oss. Dessutom får du tillgång till flera digitala tjänster som förenklar din vardag.","usp1":"Fler och bättre erbjudanden","usp2":"Inget extra kort i plånboken","usp3":"Handlat \u0026 sparat","usp4":"Skapa inköpslistor"}},"step3":{"b2c":{"title":"Välkommen till\u003c0\u003e\u003c/0\u003eWillys\u003c1\u003ePlus\u003c/1\u003e!","heading":"Grattis!","welcomeText":"Nu kan du börja handla som Willys Plus-kund.\u003c0\u003e\u003c/0\u003eEtt bekräftelsemejl med dina kontouppgifter har skickats till: {{email}}","ctaText":"Se erbjudanden","uspHeading":"Willys\u003c0\u003ePlus\u003c/0\u003e","uspBody":"När du skapar konto blir du Willys Plus-kund och kan göra en ännu bättre affär hos oss. Dessutom får du tillgång till flera digitala tjänster som förenklar din vardag.","usp1":"Fler och bättre erbjudanden","usp2":"Inget extra kort i plånboken","usp3":"Handlat \u0026 sparat","usp4":"Skapa inköpslistor"},"b2b":{"titleLine1":"Välkommen som","titleLine2":"företagskund","heading":"Grattis!","welcomeText":"Du kan nu börja handla som företagskund med kundnummer \u003c0\u003e{{customerNo}}\u003c/0\u003e. Ett bekräftelsemail med dina kontouppgifter har skickats till: {{email}}","ctaText":"Börja handla"}},"modal":{"notFound":{"title":"Okänt organisationsnummer","text":"Vi hittar inget företag registrerat på organisationnumret du angav. Vänligen kontrollera att du angett korrekt information eller kontakta kundtjänst om problemet kvarstår."},"found":{"title":"Konto hittades","text":"Företaget har redan ett konto. Du kan välja att logga in på befintligt konto eller att skapa ett nytt.","loginBtn":"Logga in","createAccountBtn":"Skapa konto"}}},"deliverypicker":{"deliveryPicker":{"title":{"default":"Välj leverans","pickUp":"Hämta","home":"Hemleverans"},"tabs":{"pickUpInStore":"HÄMTA","homeDelivery":"HEMLEVERANS"},"button":{"ok":"OK","cancel":"Avbryt","continue":"Forsätt"},"info":{"pickUpInStore":"Välj butik för att se rätt sortiment.","homeDelivery":"Ange ditt postnummer för att se rätt sortiment.","homeDeliveryAddress":"Ange din adress för att se rätt sortiment.","verifyAddress":"Ange din adress för att se rätt sortiment."},"label":{"chooseStore":"Välj butik","storeChosen":"Vald butik"},"price":{"pickUpInStore":"Hämta i butik från 99 kr","homeDelivery":"Hemleverans från 99 kr"},"placeholder":{"store":"Sök efter din butik","postalCode":"Ange postnummer","address":"Sök adress"},"input":{"address":"Adress"},"error":{"noDeliveryAvailable":"Vi levererar tyvärr inte till ditt område än.","invalidAddress":"Ogiltig adress. Ange den enligt ex. Storgatan 1, 12345 Stad."},"autoComplete":{"pickupLocation":{"emptySlot":{"head":"{{ search }} hittades inte.","text":"Sök på ort, adress eller butiksnamn.","notfound":"Hittar du inte din butik?","link":"Se alla Hämta-butiker"},"labels":{"externalLocation":"Fristående Willys hämta"},"franchise":{"storeNotChangeable":"Du kan ej byta till denna butik vid ändring av order."}}},"addressChanger":{"deliverTo":"Leverans till","pickUpFrom":"Hämtas från","change":"Ändra"},"tooltip":{"title":"Leveranstid sparad","text":"Din sparade tid släpps om du inte är aktiv inom 30 minuter."}}},"editablerow":{"buttons":{"save":"Spara","cancel":"Avbryt","update":"Ändra"}},"error":{"default":{"404":{"head":"Sidan kunde inte hittas | Willys","title":"Oj då! Vi kan tyvärr inte hitta sidan.","errorTextStart":"Du kanske skrev fel adress eller så har vi tagit bort sidan. Prova att gå till","errorTextLink":"startsidan","errorTextEnd":"istället."},"410":{"head":"Sidan finns inte längre | Willys","title":"Sidan du söker finns inte längre.","errorTextStart":"Du kan hitta all information om din order under","errorTextLink":"Mina köp","errorTextEnd":"eller i plockmailet som skickats till din e-post."},"500":{"head":"Ett fel uppstod | Willys","title":"Oj då! Vi verkar ha ett tekniskt problem.","errorTextLink":"Ladda om","errorTextEnd":"sidan eller kom tillbaka senare"},"default":{"head":"Ett fel uppstod | Willys","title":"Oj då! Vi verkar ha ett tekniskt problem.","errorTextLink":"Ladda om","errorTextEnd":"sidan eller kom tillbaka senare"}},"app":{"default":{"head":"Ett fel uppstod | Willys","title":"Oj då! Vi kan tyvärr inte visa sidan.","errorTextStart":"Ett oförutsett fel inträffade vid hämtning av sidan. Prova gärna att starta om appen eller att logga in på nytt."}},"/mina-kop":{"401":{"head":"Vi kan tyvärr inte visa sidan | Willys","title":"Oj då! Vi kan tyvärr inte visa sidan.","errorTextStart":"Ordern kan inte visas då den inte är beställd från det här kontot. Gå till ","errorTextLink":"startsidan","errorTextEnd":"istället."},"404":{"head":"Vi kan tyvärr inte visa sidan | Willys","title":"Oj då! Vi kan tyvärr inte visa sidan.","errorTextStart":"Ordern kan inte visas då den inte är beställd från det här kontot. Gå till ","errorTextLink":"startsidan","errorTextEnd":"istället."}}},"expandableContainer":{"showMore":"Visa mer","showLess":"Visa mindre"},"infowindow":{"store":{"goToLink":"Gå till butiksida","tel":"tel: ","store.openMessage.soon":"Ny butik - öppnar {{time}}","store.openMessage.open":"Öppet idag: {{time}}","store.openMessage.notOpen":"Ny butik - öppnar inom kort"}},"legacyBrowsers":{"legacyBrowser":{"title":"Willys.se stödjer inte din webbläsare","message":"Vänligen välj en annan webbläsare. Vill du se förslag på nya webbläsare?","cta":"Ja, ta mig dit"}},"loadMore":{"showMore":"Visa fler","showing":"Visar {{x}} av {{y}}","showAll":"Visa alla"},"login":{"login":{"heading":"Logga in","B2BLoginConfirmDesc":"Vänligen bekräfta ditt lösenord för att fortsätta","tabs":{"private":"Privat","company":"Företag"},"fromMessage":{"MY_LISTS":"Logga in för att spara varan i en inköpslista som underlättar framtida köp.","MY_COMMON_ITEMS":"För att se dina vanligaste varor behöver du logga in.","CART":"För att spara varukorgen som en inköpslista behöver du logga in.","MY_ACCOUNT":"För att se dina kontouppgifter behöver du logga in.","CREATE_ACCOUNT":"Du har redan ett konto hos oss.","ACCOUNT_ORDERS":"För att se dina köp behöver du logga in."},"inputs":{"ssn":{"placeholder":"Personnummer / Willys-Plus-nummer","tooltip":"Ange personnummer (ååååmmddxxxx) eller Willys Plus-nummer på 16 siffror."},"company":{"placeholder":"Kundnummer","tooltip":"Ditt kundnummer består av sex siffror."},"password":{"placeholder":"Lösenord"}},"rememberMe":"Håll mig inloggad","links":{"resetPassword":"Återställ lösenord","createAccount":"Skapa konto","continueAsGuest":"Fortsätt handla som gäst"},"or":" eller ","error":{"b2c":"Ange personnummer (ååååmmddxxxx) eller Willys Plus-nummer på 16 siffror.","b2b":"Fel format. Vänligen ange ditt kundnummer i formen xxxxxx"},"submit":"Logga in"},"login.loginErrorMessage":"Fel användarnamn eller lösenord. Vänligen försök igen.","login.loginErrorMessage.badcredentials":"Fel användarnamn eller lösenord. Vänligen försök igen.","login.loginErrorMessage.bruteforcewarning":"För många försök. Vänligen vänta innan du försöker igen.","login.loginErrorMessage.badcredentials.general":"Fel användarnamn eller lösenord. Vänligen försök igen.","login.b2b.loginErrorMessage.badcredentials":"Fel användarnamn eller lösenord. Vänligen försök igen.","login.b2b.loginErrorMessage.bruteforcewarning":"För många försök. Vänligen vänta innan du försöker igen.","login.loginErrorMessage.badcredentials.mcn":"Fel Willys plus-nummer eller lösenord. Vänligen försök igen.","login.loginErrorMessage.error":"Det går tyvärr inte att logga in just nu. Försök igen lite senare.","login.loginErrorMessage.legalage":"Du måste ha fyllt 18 år för att handla.","form.invalid.personal.number":"Fel format. Vänligen ange ditt personnummer enligt: ååååmmddxxxx","login.b2c.ssn.loginErrorMessage.badcredentials":"Fel användarnamn eller lösenord. Vänligen försök igen."},"loginHint":{"loginHint":{"title":"Som inloggad får du mer","desc":"Logga in eller skapa konto för att ta del av personliga erbjudanden och värdecheckar.","createAccount":"Skapa konto","loginIn":"Logga in"}},"lostPassword":{"step1":{"b2c":{"placeholder":"Personnummer / Willys-Plus-nummer","tooltip":"Ange personnummer (ååååmmddxxxx) eller Willys Plus-nummer på 16 siffror"},"b2b":{"placeholder":"Kundnummer","tooltip":"Ditt kundnummer består av sex siffror"},"error":{"b2c":"Ange personnummer (ååååmmddxxxx) eller Willys Plus-nummer på 16 siffror.","b2b":"Fel format. Vänligen ange ditt kundnummer i formen xxxxxx","noEmailPhone":"Vi saknar kontaktuppgifter till dig. Vänligen kontakta kundtjänst."},"email":{"heading":"Återställ lösenord","submitButton":"Nästa"},"phone":{"heading":"Återställ lösenord","submitButton":"Nästa"},"b2cTabTitle":"Privat","b2bTabTitle":"Företag"},"step2":{"email":{"submitButton":"Nästa","heading":"Återställ lösenord"},"phone":{"submitButton":"Nästa","heading":"Återställ lösenord"},"title":"Välj hur du vill återställa ditt lösenord.","radioEmail":"Din e-post i vårt system:","radioPhone":"Ditt telefonnummer i vårt system:"},"step3":{"email":{"submitButton":"Skicka","heading":"Återställ lösenord","title":"Verifiera din e-postadress så skickar vi en länk för att återställa ditt lösenord.","label":"Din e-post i vårt system:","placeholder":"Ange din e-postadress"},"phone":{"submitButton":"Skicka","heading":"Återställ lösenord","title":"Bekräfta ditt telefonnummer så skickar vi en kod för att återställa ditt lösenord.","label":"Ditt telefonnummer i vårt system:","placeholder":"Ange ditt telefonnummer"}},"step4":{"email":{"heading":"Klart","submitButton":"Ok","infoText":"Vi har skickat en länk där du kan skapa ett nytt lösenord. Länken är giltig i 30 minuter. "}},"step5":{"passwordPlaceholder":"Nytt lösenord","repeatPasswordPlaceholder":"Upprepa lösenord","rememberMe":"Håll mig inloggad","email":{"heading":"Skapa nytt lösenord","submitButton":"Skicka"},"phone":{"heading":"Skapa nytt lösenord","submitButton":"Skicka","infoText":"Vi har skickat en 6-siffrig kod till telefonnummer \u003c0\u003e{{phone}}\u003c/0\u003e. Koden är giltig i 30 minuter.","smsCodePlaceholder":"SMS-Kod"}},"step6":{"infoText":"Ditt nya lösenord har nu skapats.","phone":{"heading":"Klart","submitButton":"Ok"},"email":{"heading":"Klart","submitButton":"Ok"}},"step7":{"infoText":"Hoppsan! Tiden för att uppdatera ditt lösenord har gått ut. Prova att återställa det igen.","phone":{"heading":"Något gick fel","submitButton":"Återställ lösenord"},"email":{"heading":"Något gick fel","submitButton":"Återställ lösenord"}},"error":{"register.error.default":"Just nu krånglar tekniken, vänligen försök igen.","register.socialSecurityNumber.age":"Du måste ha fyllt 18 år för att handla.","register.socialSecurityNumber.invalidFormat":"Fel format. Vänligen ange ditt personnummer enligt: ååååmmddxxxx","register.accountNumber.invalidFormat":"Personnumret/Medlemsnummer är i ogiltigt format. Var vänlig och kontrollera.","register.idInSourceSystem.noMatch":"Felaktigt Willys Plus-nummer.","register.email.noMatch":"Vi känner inte igen den angivna e-postadressen.","register.phone.noMatch":"Telefonnumret matchar inte ditt konto, vänligen försök igen.","register.email.invalidFormat":"E-postadressen är i ogiltigt format.","register.phone.invalidFormat":"Telefonnumret är i ogiltigt format. Behöver anges enligt 07XXXXXXXX. Var vänlig och kontrollera.","register.b2b.error.companyNotFound.message":"Vi hittar inget företag registrerat på organisationnumret du angav. Vänligen kontrollera att du angett korrekt information eller kontakta kundtjänst om problemet kvarstår.","register.b2b.error.companyNotFound":"Bisnode: ogiltigt företag","register.uid.unknown":"Personnumret eller medlemsnummer är i ogiltigt format. Var vänlig och kontrollera.","updatePwd.token.invalid":"Prova att återställa ditt lösenord igen","updatePwd.token.invalidated":"Prova att återställa ditt lösenord igen","updatePwd.token.expired":"Tiden för att uppdatera ditt lösenord har gått ut. Prova att återställa det igen.","updatePwd.smsToken.invalid":"Felaktig SMS-kod","updatePwd.smsToken.expired":"Tiden för att återställa ditt lösenord har gått ut. Återställ på nytt."},"infoTextHelp":"Behöver du hjälp?","infoTextContact":"Kontakta kundtjänst","b2bNoAccountError":"Kundnumret hittades inte. Vänligen försök igen eller kontakta kundtjänst om du har frågor gällande kundnummer.","modal":{"title":"Inget konto hittades","text":"Du har inte ett konto hos oss. Vill du skapa ett konto?","cancelButton":"Avbryt","createAccountButton":"Skapa konto"}},"menubutton":{"menubutton":{"close":"Stäng","menu":"Meny"}},"mergeCart":{"mergeCart":{"title":"Du har en sparad varukorg","closedOrder":{"title":"Hoppsan!","text":"Det fanns en öppen order på ditt konto om du vill fortsätta ändra den behöver du öppna den på nytt."},"text":{"savedCart":"Du har sedan tidigare en sparad varukorg som innehåller {{count}} varor. Denna varukorg ändrades senast {{date}}.","actions":"Du kan välja att slå ihop din aktuella varukorg med den sparade varukorgen. Du slutför sedan ditt köp som vanligt i kassan."},"actions":{"continueWithSession":"Fortsätt med aktuell varukorg ({{count}} varor)","continueWithPersistent":"Fortsätt med sparad varukorg ({{count}} varor)","continueWithOneItemSession":"Fortsätt med aktuell varukorg ({{count}} vara)","continueWithOneItemPersistent":"Fortsätt med sparad varukorg ({{count}} vara)","continueWithMerged":"Slå ihop båda varukorgarna ({{count}} varor)"}}},"metadata":{"metadata":{"title":"Handla bra mat billigt online","titleSuffix":"| Willys","description":"Hos oss kan du enkelt och billigt handla mat online. Vi har ett brett sortiment av mat och dryck och självklart ett stort ekologiskt utbud. Vår affärsidé: Sveriges billigaste matkasse!"},"pdp":{"meta":{"title":"{{name}} {{volume}} | Willys","titleWithManufacturer":"{{name}} {{volume}} från {{manufacturer}} | Willys","description":"Handla {{name}} {{volume}} billigt online. Vår affärside: Sveriges billigaste matkasse."}}},"modal":{"modal":{"cart":{"empty":{"title":"Är du säker på att du vill tömma din varukorg?","confirm":"Töm"}},"deleteCard":{"title":"Är du säker på att du vill ta bort ditt sparade kort?","confirm":"Ta bort"},"wishList":{"update":{"title":"Ändra namn på lista"},"delete":{"title":"Är du säker på att du vill ta bort listan?"},"pdp":{"offline":{"title":"Den här produkten är inte tillgänglig online"}}},"close":"Stäng","cancel":"Avbryt","confirm":"Spara","yes":"Ja","ok":"Ok"}},"newsComponent":{"headingDate":"Datum","headingSubject":"Ämne","showMore":"Ladda fler","detail":{"image":"Ladda ner bild (jpg)","pdf":"Ladda ner pressmeddelande (pdf)"},"links":{"newsAndPress":"Tillbaka till Nyheter \u0026 Press"}},"openOrderNotice":{"text":"Din order ändras. Avsluta köpet senast {{day}} kl {{time}} för att ändringarna ska gälla.","link":"Avbryt ändring","modal":{"title":"Vill du avbryta ändringen av din order?","confirm":"Ja","cancel":"Nej"}},"order":{"heading":"Tack för din order!","subHeadingRow1":"Ett bekräftelsemail har skickats till din e-postadress.","subHeadingRow2":"Om du har frågor gällande din order, \u003c0\u003eklicka här.\u003c/0\u003e","subHeadingLink":"/artikel/faq","saveToList":"Spara som lista","labels":{"delivered":"Levererat","ordered":"Beställt","item":"vara","items":"varor","receipt":"Kvitto","orderNo":"Ordernummer","date":"Orderdatum","paymentMethod":"Betalsätt","transactionNumber":"Transaktionsnummer","deliveryModeAndTime":"Leveranssätt och tid","pickupStore":"Upphämtningsbutik","pickupInformation":"Övrig Information","deliveryAddress":"Leveransadress","contactDetails":"Kontaktuppgifter","doorCode":"Portkod","msgToDriver":"Meddelande till chauffören","orderStatus":"Status","partiallyDelivered":"Delvis levererat","notDelivered":"Kunde ej levereras","replaced":"Ersättningsvaror","replacedMessage":"Du betalar alltid det lägsta priset om ersättningsvaran är dyrare.","canceled":"**Avbeställd**","credit":"Kreditering","online":"E-handel","tracking":"Följ bilen"},"currency":"kr","addOrderToCart":{"cta":"Lägg order i varukorg","heading":"Vill du lägga alla varor från ordern i varukorgen?","confirm":"Lägg till","cancel":"Avbryt"},"boughtAndSaved":{"title":"Handlat och sparat","currency":"kr","totalPurchaseSum":"Handlat","totalMemberDiscountAmount":{"line1":"SPARAT MED ","line2":"WILLYS PLUS"},"totalBonusApplicable":{"line1":"SPARAT MED","line2":"WILLYS PLUS {{year}}"}},"history":{"noActiveOrders":"Du har ingen pågående order just nu.","orderedQuantity":"Beställda","deliverQuantity":"Levereras","ongoing":"Pågående ordrar","homeDelivery":{"b2c":"Hemleverans","b2b":"Leverans"},"orderDetailLinkText":"Se order","noOrdersInRange":"Du har inga köp för den valda perioden. Välj en annan period i kalendern.","newCustomerMessage":"När du gjort ditt första köp med Willys Plus kommer du se det här.","orderNumber":"Ordernummer","deliveryMethod":"Leveranssätt","totalSum":"Summa","status":"Status","orderNumberMobile":"Ordernr","paymentMethod":"Betalsätt","pickUpInStore":"Hämta i butik","myPages":"På \u003c0\u003eMitt konto\u003c/0\u003e kan du välja att få dina kvitton digitalt.","purchases":"Köp","date":"Datum","sum":"Summa","saved":"Sparat","showMore":"Visa fler","orderFetchError":"Det går tyvärr inte att visa dina pågående ordrar just nu.","bonusFetchError":"Det går tyvärr inte att visa din köphistorik just nu."},"paymentMethods":{"PspPayexAll":"Betalkort","Klarna":"Klarna","Invoice":"Faktura"},"statusCopy":{"confirmation":{"anonymous":"Via din \u003c0\u003eorderdetaljsida\u003c/0\u003e kan du avbeställa din order fram till {{closeTimeAndDate}}","notAnonymous":"Via din \u003c0\u003eorderdetaljsida\u003c/0\u003e kan du lägga till varor eller avbeställa din order fram till {{closeTimeAndDate}}"},"details":{"anonymous":"Du kan avbeställa din order fram till {{closeTimeAndDate}}","notAnonymous":"Du kan lägga till varor eller avbeställa din order fram till {{closeTimeAndDate}}"},"coAccount":{"placedBy":"Order lagd av {{name}}.","notEditableByCoAcct":" Du kan inte ändra eller lägga till varor i denna order."}},"cancelOrder":{"button":"Avbeställ order"},"startChangingOrder":{"button":"Ändra order"},"cancelChangingOrder":{"button":"Avbryt ändring"},"modal":{"buttons":{"yes":"Ja","no":"Nej","ok":"Ok"},"title":{"notReady":"Snart redo","cancelOrder":"Vill du avbeställa din order?","startChangingOrder":"Vill du öppna din order?","orderAlreadyOpen":"Något gick fel"},"text":{"notReady":"Din order är snart redo att uppdateras. Försök igen om en liten stund.","startChangingOrder":"Om du öppnar ordern kommer priserna att justeras till det nu gällande priset.","orderAlreadyOpen":{"line1":"Du ändrar redan order {{orderNumber}}.","line2":"Du behöver avsluta denna order innan du kan ändra en annan."},"orderCanNoLongerBeChanged":"Tyvärr kan du inte längre lägga till varor i din order.","thisOrderAlreadyOpen":"Din order är redan i ändra-läge."}}},"orderCloseTimePassedModal":{"modal":{"text":{"line1":"Sista tid för att ändra order har passerat.","line2":"Din senast lagda order kommer att gälla."},"title":"Orderändring avbryts","buttons":{"ok":"Ok"}}},"orderdeliverystatus":{"orderDeliveryStatus":{"title":{"open":"Här kommer du att kunna följa din order","picking":"Din order håller på att plockas","picked":"Din order är färdigplockad","delivering":"Din order är på väg","delivered":"Order levererad!","partdelivered":"Order levererad!","deliveredatdoor":"Order levererad!","deliveredatdooragerestriction":"Order levererad!","notdelivered":"Dina varor kunde inte levereras","cancelled":"Din order är avbeställd","routedelayed":"Eventuellt försenad","routecancelled":"Leverans inställd","multipleroutecancelled":"Leverans inställd"},"subtitle":{"deliveredatdoor":"Dina varor har levererats vid din dörr.","deliveredatdooragerestriction":"Dina varor har levererats vid din dörr.","notdelivered":"Vänligen kontakta kundtjänst för mer information.","routedelayed":"Leveranstiden kommer uppdateras efterhand.","routecancelled":"Vänligen ring kundtjänst för mer information.","multipleroutecancelled":"Bekräftelse och kompensationskod skickas i mejl.","mapDelayed":"Bilens position visas inom kort!","mapToBeShown":"Du kan följa bilen på en karta 30 minuter innan leverans."},"statusHistoryTitle":{"open":"Order mottagen","picking":"Order plockas","picked":"Order färdigplockad","delivering":"Order på väg","delivered":"Order levererad","deliveredatdoor":"Order levererad","partdelivered":"Order levererad","deliveredatdooragerestriction":"Order levererad","notdelivered":"Dina varor kunde inte levereras","cancelled":"Order avbeställd"},"statusHistorySubtitle":{"picked":{"deviation":"Kontrollera din plockbekräftelse på e-post då ordern har avvikelser.","agerestriction":"Du har varor med åldersgräns så någon över {{minimumAge}} år måste ta emot ordern.","deviationandagerestriction":"Ordern innehåller avvikelser \u0026 varor med åldersgräns, någon över {{minimumAge}} år måste ta emot ordern."},"deliveredatdooragerestriction":{"agerestriction":"Eventuella åldersvaror har tagits tillbaka och kommer krediteras."},"partdelivered":{"agerestriction":"Eventuella åldersvaror har tagits tillbaka och kommer krediteras."}},"integrationError":{"unplanned":"På grund av tekniskt underhåll kan din orderstatus tyvärr inte uppdateras just nu.","planned":"På grund av tekniskt underhåll kan din orderstatus tyvärr inte uppdateras just nu. Underhållet förväntas vara klart kl {{endTime}}."},"yourProductDelivery":"Preliminär leveranstid","stopsBeforeYou":"Det är {{stops}} stopp före dig","nextStop":"Du är nästa stopp","customerService":"Tack för att du handlar på willys.se. Har du några frågor om din leverans, kontakta kundservice på ","viewOrderDetails":"Se orderdetalj","followDeliveryInMap":"Följ din leverans i kartan","imageOfDelivery":"Bild på leveransen","orderNumber":"Ordernummer"}},"paymentModes":{"card":{"new":"Nytt kort","maskedNumber":"Kort med nummer: ","expireDate":"Giltigt till och med: ","save":"Spara kortuppgifter","delete":"Ta bort kort"},"title":"Betalsätt","paymentModes":{"Invoice":"Faktura","Klarna":"Direktbetalning, faktura eller delbetalning","Payex":"Kortbetalning","PayexAll":"Kortbetalning","PspPayexAll":"Kortbetalning"},"input":{"placeholder":"(ååååmmddnnnn)","usersOrderReference":"Personnummer för BankID","usersOrderReferenceLengthError":"Ogiltigt personnummer, måste vara 12 tecken."},"klarnaSubText":"0 kr i avg.","tooltip":{"saveCard":"Om du sparar ditt kort kan du snabbare slutföra framtida köp. Kortuppgifterna överförs till PayExs betalsida som är SSL-krypterad för säker internetöverföring och sparas inte av Willys e-handel.","cardDisabled":"Det är inte möjligt att byta betalsätt vid uppdatering av en befintlig order."}},"personalElements":{"title":"Hej {{name}}","order":{"pickUpInStore":"Hämtas","homeDelivery":"Hemleverans","tomorrow":"imorgon","today":"idag","status":{"ongoing":"Pågående Order","delivered":"Senaste Order","cancelledOrCancelling":"Avbeställd Order"},"button":{"show":"Visa","cancel":"Avbryt","change":"Ändra"}},"voucher":{"title":"Värdecheck","text":"Giltig t.o.m","button":"Visa","modal":{"title":"Värdecheck {{value}} {{unit}}","omni":{"text":"Ange den sjusiffriga koden för att lösa in din värdecheck i butik. Om du handlar online finns den att lägga till i kassan på willys.se. Värdechecken kan inte växlas in mot pengar.","requirements":"Minsta köpbelopp {{value}} kr. ","validIn":"Gäller i butik och online."},"online":{"text":"Värdechecken finns att lägga till i kassan på willys.se. Den kan inte växlas in mot pengar.","requirements":"Minsta köpbelopp {{value}} kr. ","validIn":"Gäller endast online."},"selfcheckout":{"text":"Ange den sjusiffriga koden för att lösa in din värdecheck när du betalar i snabbkassan. Värdechecken kan inte växlas in mot pengar","requirements":"Minsta köpbelopp {{value}} kr. ","validIn":"Gäller endast i snabbkassan."},"selfscan":{"text":"Ange den sjusiffriga koden för att lösa in din värdecheck när du självscannar. Om du använder Scan\u0026Go finns den att lägga till i samband med betalning. Värdechecken kan inte växlas in mot pengar.","requirements":"Minsta köpbelopp {{value}} kr. ","validIn":"Gäller endast vid självscanning ink. Scan\u0026Go."},"validUntil":"Giltig t.o.m {{date}}","code":"Ange kod:","percentageValue":"procent","absoluteValue":"kronor"}},"digitalReceipt":{"title":"Senaste kvitto","text":"Handlat {{mode}} {{date}}","button":"Kvitto","inStore":"i butik","online":"online"}},"product":{"product":{"price":{"default":"Ordinarie pris","compare":"Jmf-pris","compare-missing":"Jmf-pris saknas","deposit":"+Pant"},"tabs":{"product_information":"Produktinformation","table_of_contents":"Innehållsförteckning","other":"Övrigt"},"mixmatch":{"label":"Välj \u0026 Blanda"},"news":{"label":"Nyhet!"},"medical":{"label":"Läkemedel"},"age_18":{"label":"18-årsgräns"},"restriction":{"age":"18-års åldersgräns","age_title":"Här finns varor med åldersgräns"},"label":{"age_restricted_15":"Åldersgräns 15 år","age_restricted_18":"Åldersgräns 18 år","allergy_approved":"Rek. av Astma och Allergi Förbundet","asc_fish":"ASC-märkt","crossed_ax":"Det överkorsade axet","ecological":"Ekologiskt","energy_label":"Produktblad","environmental_choice":"Bra Miljöval","eu_ecological":"Ekologiskt","eu_flower":"EU-blomman","fairtrade":"Fairtrade","fairtrade_cacao":"Fairtrade kakao","freeTextSuggestion":"FRITEXT","from_sweden":"Från Sverige","frozen":"Djupfryst","glutenfree":"Glutenfri","gots":"Global Organic Textile Standard","keyhole":"Nyckelhålsmärkt","krav":"KRAV-märkt","laktosfree":"Laktosfri","meat_from_sweden":"Kött från Sverige","medicine-label":"Läkemedel","milk_from_sweden":"Mjölk från Sverige","msc_fish":"MSC-märkt","nicotine_medical":"Langningsförbud","ocs_100":"OCS 100","rainforest_alliance":"Rainforest Alliance","soil_association_organic":"Soil Association Organic","swan":"Svanen-märkt","swedish_bird":"Svensk fågel","swedish_flag":"Svensk flagga","swedish_meat":"Svenskt kött"},"promotion":{"limitHousehold":"{{redeemLimitLabel}} per hushåll","used":"NYTTJAT \nERBJUDANDE","timesUsed":"Du har nyttjat {{timesUsed}} av {{redeemLimit}}","validUntil":"Gäller t.o.m","saveKr":"Spara {{amount}} kr"},"contents":"Innehåll","nutrition":{"title":"Näringsvärden","description":"per {{portion}}"},"gtin":"gtin","extraInfoCode":"Kan variera i färg, form eller mönster.","medicineType":"Typ av läkemedel","medicineLeafletStart":"Läs","medicineLeafletLink":"bipacksedeln","medicineLeafletEnd":"innan du börjar använda detta läkemedel","activeSubstance":"Aktiv substans","otherCountries":"Möjliga länder vid ersättning","otherCountriesInfo":"I varukorgen kan du tacka nej till ersättningsvaror om du inte vill tillåta ersättning från dessa länder.","provinceStatement":"Primär ingrediens","originCountry":"Ursprungsland","originCountries":"Ursprungsländer","countryOfOrigin":"Tillverkningsland","countryOfOriginStatement":"Ursprung","animalData":{"compositionStatement":"Fodersammansättning","constituentStatement":"Analytiska beståndsdelar","additiveStatement":"Fodertillsatser"},"disclaimer":"Vi reserverar oss för att mindre förändringar av produktens närings- eller innehållsförteckning kan ha skett","dietTypeInformation":"Diettyp","consumerStorageInstructions":"Förvaring","consumerUsageInstructions":"Användarinstruktioner","preparationDescription":"Tillagningsbeskrivning","maxStorageTemprature":"Maximum förvaringstemperatur","minStorageTemprature":"Minimum förvaringstemperatur","drugIllumination":"Läkemdelsupplysningen","drugInformation":"Läkemedelsverket","energyDeclaration":{"heading":"Energideklaration","linkText":"Produktblad"},"contact":"Kontaktuppgifter till livsmedelsföretaget","regulatoryAct":"Identifieringsmärkning","compulsoryAdditiveLabelInformation":"Övrig obligatorisk märkningsinformation","articleNumber":"Artikelnummer","precautionaryStatement":"Skyddsangivelse","danger":"Fara","not_applicable":"Ej tillämpningsbar","warning":"Varning","batteryInformation":"Batteriinformation","areBatteriesIncluded":"Ingår batterier:","areBatteriesRequired":"Krävs batterier:","batteryQuantityBuiltIn":"inbyggt","batteryTrue":"Ja","batteryFalse":"Nej","feedingInstructions":"Doseringsansvisning","animalWeight":"Vikt","animalAge":"Ålder","noImage":"Bild saknas","promotionCode":"Promotion code","not_found":{"heading":"Hoppsan!","body":"Produkten du söker är inte längre tillgänglig.","cta":"Ok"}}},"productCard":{"quantityInput":{"description":"Ändra produktantal","increase":"Öka antal","decrease":"Minska antal","ok":"OK","outOfStock":"Tillfälligt slut","error":{"message":"Varuantal ändrades inte"}}},"productDetailsRelated":{"title":{"samePromotion":"Produkter som ingår i samma erbjudande","othersBought":"Andra har också köpt...","similarProducts":"Liknande varor","otherVariants":"Liknande varor i samma serie"}},"productFilter":{"filter":"Filtrera","appliedFilters":"Filter ({{amount}})","clearFilters":"Rensa filter","singleFilterSelected":"1 filter valt","multipleFilterSelected":"{{amount}} filter valda","selectedFilters":"Valda filter","done":"Klar","clear":"Rensa","title":"Filtrering","showAll":"Visa fler","showLess":"Visa färre","resetFilterNotification":"Filter rensade!","totalResults":"{{totalResult}} varor","categories":{"commercialName2":"Varumärken","category":"Sortiment","categoryLevel1":"Kategori","categoryLevel2":"Kategori","campaignType":"Typ av erbjudande","label":"Märkningar","productLabelTypes":"Märkningar","popular":"Populärast"}},"promotionPage":{"title":{"online":"Erbjudanden E-handel","offline":"Erbjudanden i butik"},"ecommerce":"e-handel","store":"butik","promotions":"Erbjudanden","personalCampaigns":"Mina erbjudanden","deliveryAlert":{"button":"Välj leveranssätt","body":"Vi behöver veta din butik för att visa dig rätt sortiment. Just nu visas exempellager och lagret kan variera mellan butiker."},"preview":{"title":"Förhandsgranska erbjudanden","showProductsWithoutImages":"Visa endast produkter utan bild","noMatchesDateRange":"Det finns inga erbjudanden att visa för detta tidsintervall.","noMatchesDateRangeAndFilter":"Det finns inga erbjudanden att visa för detta filter och tidsintervall."},"storeNotOpenYet":"Butiken du har valt har inte öppnat ännu. Erbjudanden kommer att publiceras på butikens öppningsdag.","tooltipPersonalTitle":"Om dessa erbjudanden","tooltipPersonalText":"Personliga erbjudanden innebär att priset på en vara har personanpassats på teknisk väg (automatiserat beslutsfattande) baserat på information vi har om dig som kund. \u003c0\u003eLäs mer.\u003c/0\u003e"},"promotionStoreDetails":{"info":"Eftersom sortiment kan variera mellan olika butiker behöver vi veta din butik för att kunna visa rätt erbjudanden","changeStore":"Byt butik","store.openMessage.notOpen":"Ny butik - öppnar inom kort","store.openMessage.soon":"Ny butik - öppnar ","store.openMessage.open":"Öppet idag: ","storeFlyer":"Se butikens reklamblad"},"search":{"search":{"field":{"placeholder":"Sök i e-handeln","mobile":{"placeholder":"Sök..."}},"multi":{"search":"Sök","title":"Multisök","result":{"count":"{{count}} varor"},"tooltip":{"messages":{"maxFieldLimit":"Du har nått max antal varor för ett multisök."}}}},"asYouType":{"searchTermHeading":"Du sökte på \"{{searchTerm}}\"","multipleResultsText":"Visar {{count}} av {{total}} varor","singleResultText":"Visar {{count}} av {{total}} vara","showAllLinkText":"Se alla","gotoAllProductsLinkText":"Gå till alla varor","noResultsText":"Din sökning gav tyvärr ingen träff. Kontrollera stavning eller använd ett mindre specifikt sökord.","suggestionsHeading":"Produktkategorier"}},"searchresultpage":{"searchTerm":"Sökord: {{searchTerm}}","totalResults":"{{totalResult}} varor","nohits":"Din sökning gav tyvärr ingen träff.","emptyQuery":"Hoppsan! Sökfältet var tomt.","emptyQueryLine2":"Försök igen genom att ange ett sökord i sökfältet.","didyoumean":"Menade du \u003c0\u003e{{suggestion}}\u003c/0\u003e?","checkYourSpelling":"Kontrollera stavning eller använd ett mindre specifikt sökord.","suggestion":"Letar du efter \u003c0\u003e{{query}}\u003c/0\u003e?","searchPageTitle":"Sökresultat för {{searchTerm}} | Willys","searchPageDescription":"Sökningen efter {{searchTerm}} gav {{totalResult}} träffar.","relatedResultsHeading":"Relaterade varor"},"sidenav":{"sidenav":{"header":{"categories":"Sortiment"}}},"slotSelector":{"confirmSlot":"Välj tid","loading":"Hämtar tillgängliga tider","externalNotice":"Nu finns det fristående hämtplatser i Stockholm","showAllPickupLocations":"Visa alla hämtplatser","franchiseNotice":"Vid val av den här butiken kan du ej byta leveranssätt eller butik vid ändring i din order.","today":"Idag","tomorrow":"Imorgon","expressDelivery":"Expressavgift","earlySlot":"Beställ senast 12:00"},"startPage":{"businessIdea":{"firstLine":"Vår affärsidé:","secondLine":"Sveriges","secondLineEnd":"billigaste matkasse."}},"storeListPage":{"all":{"heading":"Alla butiker"},"clickAndCollect":{"heading":"Willys Hämta-butiker"},"sort":{"display-name-asc":"Butik A-Ö","display-name-desc":"Butik Ö-A","town-asc":"Ort A-Ö","town-desc":"Ort Ö-A"},"storeLink":"Butikssida","showMore":"Visa fler","storeHeading":"Butik","cityHeading":"Ort","openingHoursHeading":"Öppettider idag","openingHoursBody":"Öppettider idag:","tel":"tel:"},"storePage":{"storeInfo":"Butiksinfo","openingHours":"Öppettider","findUs":"Hitta till oss","contact":"Kontakt","service":"Service","showFlyer":"Se veckans reklamblad","weekendOpeningHours":"Helgöppettider","directions":"Färdbeskrivning","showOnMap":"Visa på karta","showAll":"Visa alla","MONDAY":"mån","TUESDAY":"tis","WEDNESDAY":"ons","THURSDAY":"tor","FRIDAY":"fre","SATURDAY":"lör","SUNDAY":"sön"},"storeSearch":{"autoComplete":{"emptySlot":{"head":"{{ search }} hittades inte.","text":"Sök på ort, adress eller butiksnamn.","notfound":"Hittar du inte din butik?","link":"Se alla butiker"}},"search":"Sök efter din butik"},"storefinder":{"geoLocationDisabled":{"title":"Något gick snett","body":"Det gick inte att fastställa din position. Har du aktiverat platstjänster?"},"findNearestStore":"Hitta närmaste butik","storeNotFound":{"title":"{{ search }} hittades inte.","body":"Sök på ort, adress eller butiksnamn. Hittar du inte din butik?","link":"Se alla Willys-butiker"},"search":{"placeholder":"Sök efter din butik"}},"storeflyer":{"heading":"Se butikens reklamblad","button":"Öppna PDF"},"timeSlotDetails":{"pickingFee":"Plockavgift","deliveryFee":"Leveransavgift","deliveryFeeShort":"Leverans","expressFee":"Expressavgift","expressFeeShort":"Express","externalFee":"Hämtavgift","externalFeeShort":"Hämta","total":"Totalt","currency":"kr"},"timeSlots":{"noAvailableTimes":"Inga tillgängliga tider","completeOrderBefore":"Lagd order kan ändras tom {{time}}"},"tooltip":{"tooltip":{"loyalty":{"product":{"applied":"Varan har Willys Plus-pris."},"login":{"toSave":"för att ta del av erbjudandet."}},"originCountry":"För livsmedel avses det land där produkten senast är processad och/eller förpackad.","nicotineMedicalProduct":"Nikotinläkemedel får inte säljas vid misstanke om langning till någon som inte har fyllt 18 år.","tobaccoProduct":"18 års åldersgräns. Legitimation krävs vid utlämning.","removedVoucher":"Handla för minst {{minimumPurchaseAmount}} kr så kan du lägga till din värdecheck igen.","aboutThisHits":"Resultaten är sorterade enligt relevans. Som inloggad baseras relevansen i första hand på individuell köphistorik och övrig aktivitet på willys.se som t.ex. tillägg av artiklar i varukorg eller en inköpslista. I andra hand baseras relevansen på aktiviteter från samtliga besökare. För oinloggade kunder baseras relevansen enbart på aktiviteter från samtliga besökare. \u003c0\u003eLäs mer\u003c/0\u003e","aboutThisSearchResult":"Om dessa resultat"}},"vouchercard":{"voucher":{"icon":{"info":"Mer information","close":"Stäng"},"title":"Värdecheck {{value}}","purchaseAmount":{"min":"Minsta köpbelopp {{value}}"},"currency":{"sek":"kr"},"channel":{"online":"Gäller \u003cstrong\u003eendast\u003c/strong\u003e online","selfscan":"Gäller \u003cstrong\u003eendast\u003c/strong\u003e vid självscanning","selfcheckout":"Gäller \u003cstrong\u003eendast\u003c/strong\u003e i snabbkassan","omni":"Gäller i butik och online","checkout":""},"code":"Ange kod:","codeInStore":"Ange kod i butik:","codeInOnlineStore":"Lägg till i kassan online","expirationDate":"giltig t.o.m: {{date}}","used":"Nyttjad","backside":{"minPurchaseAmount":{"online":" och för minst {{minPurchaseAmount}}. ","selfscan":" och handlar för minst {{minPurchaseAmount}}.","selfcheckout":" och för minst {{minPurchaseAmount}}.","omni":" Den gäller endast när du handlar för minst {{minPurchaseAmount}}.","checkout":""},"online":{"first":"Värdechecken finns att lägga till när du checkar ut din order på willys.se. Den gäller endast när du handlar online","second":"Värdechecken kan inte växlas in mot pengar."},"selfscan":{"first":"Mata in den sjusiffriga koden på skärmen vid utcheckning för att lösa in din värdecheck. Värdechecken gäller endast när du självscannar","second":"Värdechecken kan inte växlas in mot pengar."},"selfcheckout":{"first":"Mata in den sjusiffriga koden på skärmen i snabbkassan för att lösa in din värdecheck. Värdechecken gäller endast när du handlar i snabbkassan","second":"Värdechecken kan inte växlas in mot pengar."},"omni":{"first":"Ange den sjusiffriga koden för att lösa in din värdecheck. Om du handlar online finns den att lägga till när du checkar ut din order på willys.se.","second":"Värdechecken kan inte växlas in mot pengar."},"checkout":{"first":"","second":""}}}},"vouchers":{"voucher":{"heading":"Ny värdecheck!","content":"Du har fått en ny värdecheck.","button":"Se värdechecken","title":"Rabattkod","header":"Värdecheckar","preamble":"Rabattkod","placeholder":"Ange din rabattkod","submit":"Lägg till","remove":"Ta bort","minAmount":"Min. köp {{minPurchaseAmount}}","expirationDate":"Giltig t.o.m {{expirationDate}}","description":"Rabattkod {{discountValue}}{{discountType}}"},"voucher.freedelivery.alreadyapplied":"Denna rabattkod går inte att applicera då det redan är fri frakt","voucher.alreadyapplied.tocart":"Rabattkoden \"{{voucherCode}}\" är redan använd.","voucher.alreadyreserved":"Rabattkoden \"{{voucherCode}}\" är redan använd.","voucher.invalid":"Koden är ogiltig. Se till att du är inloggad samt uppfyller rabattkodens köpkrav (exkl. avgifter) och giltighetsperiod.","voucher.only.one":"Rabattkoden \"{{voucherCode}}\" kan inte kombineras med andra rabattkoder.","voucher.ordertotal.tolow":"Din varukorgs totala värde är för lågt, lägg till fler varor","voucher.subtotal.toolow":"Din varukorgs totala värde är för lågt, lägg till fler varor"},"wishlist":{"list":{"myLists":"Mina listor","newList":"Ny lista","noLists":"Du har inga listor ännu. Skapa en ny lista och sök därefter efter varor att lägga till i listan.","addToCart":"Lägg till i varukorg","updated":"Uppdaterad","defaultListName":"Att handla {{date}}","createNewModal":{"heading":"Skapa ny lista","confirm":"Ok","cancel":"Avbryt","inputPlaceholder":"Namn på listan","error":"Det går inte att skapa en lista just nu, vänligen försök igen om en liten stund."}},"details":{"noEntriesMsg":"Du har inga varor i listan ännu. Sök på varor i fältet ovan eller i e-handeln för att lägga till dem i en lista.","listNotFoundHeading":"Oj då! Vi kan tyvärr inte hitta listan.","listNotFoundText":"Det kanske blev fel adress eller så är listan borttagen.","listNotFoundLink":"Gå till \u003c0\u003eMina listor\u003c/0\u003e istället.","offlinePrice":"Ej online","outOfStock":"Tillfälligt slut","freeTextCategoryName":"Fritext","addToWishlistPlaceholderMobile":"Lägg till produkt","addToWishlistPlaceholder":"Sök efter en vara eller produkt","suggestionError":"Det går inte att ladda produkter just nu","priceInformation":"Priserna visas endast på varor som kan köpas online. Lägg till listan i varukorgen för att se listans totala belopp.","shareList":"Dela lista","addToCart":"Lägg till produkter i varukorgen","addListToCart":"Lägg lista i varukorgen","storeModeCTA":"Visa som checklista","storeMode":{"open":"Visa som checklista","someCheckedEntriesHeading":"{{checked}} av {{total}} varor avbockade","allCheckedEntriesHeading":"Du har bockat av alla varor!","noCheckedEntriesHeading":"{{total}} varor","dividerHeading":"Avbockade varor","reset":"Nollställ","done":"Klar"},"productSelection":{"open":"Välj varor från lista","selectAllCheckbox":"Välj alla varor","addToCart":"Lägg valda produkter i varukorgen","close":"Stäng","choose":"Välj varor"}},"shared":{"label":"Inköpslista","noEntriesMsg":"Det finns inga varor i listan. Be användaren som delat listan att lägga till varor eller skapa en egen lista.","listNotFoundText":"Listan är tyvärr inte tillgänglig. Be användaren att dela den igen","listNotFoundHeading":"Oj då! Listan kan inte visas.","quantity":"st","lastUpdate":"Senast uppdaterad"},"sorting":{"DATE":"Senast tillagd","CATEGORY":"Kategori","LAST_UPDATED_DESC":"Senast uppdaterad","NAME_ASC":"Namn (A-Ö)","NAME_DESC":"Namn (Ö-A)"},"snack":{"listAdded":"Listan tillagd i varukorgen","listError":"Listan kunde inte läggas till","listDeleted":"Listan borttagen","listDeletedError":"Listan kunde inte tas bort","listUpdateError":"Produkten kunde inte uppdateras, försök igen","updateListNameError":"Namnet kunde inte ändras","listUrlCopied":"Länk kopierad","listShareError":"Listan kunde inte delas, försök igen"},"actions":{"share":"Dela","delete":"Radera","edit":"Redigera namn","addToCart":"Lägg till i varukorg"},"tooltips":{"menuHint":"Här kan du välja vad du vill göra med din lista."}}}},"initialLanguage":"sv","i18nServerInstance":null,"pageProps":{"initialProps":{"label":"categoryPage","cmsPage":{"uid":"categoryPage","uuid":"eyJpdGVtSWQiOiJjYXRlZ29yeVBhZ2UiLCJjYXRhbG9nSWQiOiJ3aWxseXNDb250ZW50Q2F0YWxvZyIsImNhdGFsb2dWZXJzaW9uIjoiT25saW5lIn0=","canonical":"https://www.willys.se","template":"WillysShoppingTemplate","typeCode":"ContentPage","name":"Willys Category Page","contentSlots":{"contentSlot":[{"key":"Position1Slot-Category","value":{"slotId":"Position1Slot-Category","slotUuid":"eyJpdGVtSWQiOiJQb3NpdGlvbjFTbG90LUNhdGVnb3J5IiwiY2F0YWxvZ0lkIjoid2lsbHlzQ29udGVudENhdGFsb2ciLCJjYXRhbG9nVmVyc2lvbiI6Ik9ubGluZSJ9","position":"Position1","name":"Position1","slotShared":false,"components":{"component":[{"uid":"ProductListComponent","uuid":"eyJpdGVtSWQiOiJQcm9kdWN0TGlzdENvbXBvbmVudCIsImNhdGFsb2dJZCI6IndpbGx5c0NvbnRlbnRDYXRhbG9nIiwiY2F0YWxvZ1ZlcnNpb24iOiJPbmxpbmUifQ==","typeCode":"CMSProductListComponent","modifiedTime":"2016-02-20T11:34:09.738+01:00","name":"Product List Component","container":"false","synchronizationBlocked":"false"}]}}},{"key":"HeaderCenterSlot","value":{"slotId":"HeaderCenterSlot","slotUuid":"eyJpdGVtSWQiOiJIZWFkZXJDZW50ZXJTbG90IiwiY2F0YWxvZ0lkIjoid2lsbHlzQ29udGVudENhdGFsb2ciLCJjYXRhbG9nVmVyc2lvbiI6Ik9ubGluZSJ9","position":"HeaderCenter","name":"HeaderCenterSlot","slotShared":true,"components":{"component":[{"uid":"WillysTopmenuLinksComponent","uuid":"eyJpdGVtSWQiOiJXaWxseXNUb3BtZW51TGlua3NDb21wb25lbnQiLCJjYXRhbG9nSWQiOiJ3aWxseXNDb250ZW50Q2F0YWxvZyIsImNhdGFsb2dWZXJzaW9uIjoiT25saW5lIn0=","typeCode":"AxfoodTopmenuLinksComponent","modifiedTime":"2016-02-20T11:15:51.78+01:00","name":"AxfoodTopmenuLinksComponent","container":"false","synchronizationBlocked":"false","navigationNode":{"uid":"WillysTopMenuLinksNavNode","entries":[],"links":[],"children":[{"uid":"willysCampaignNode","entries":[],"links":[{"external":false,"linkName":[{"key":"sv","value":"Erbjudanden"}],"target":false,"url":"/erbjudanden"}],"children":[],"title":"Erbjudanden"},{"uid":"willysStoreFinderNode","entries":[],"links":[{"external":false,"linkName":[{"key":"sv","value":"Hitta butik"}],"target":false,"url":"/butik-sok"}],"children":[],"title":"Hitta butik"},{"uid":"willysCustomerServiceNode","entries":[],"links":[{"external":false,"linkName":[{"key":"sv"}],"target":false,"url":"/artikel/kundservice"}],"children":[],"title":"Kundservice"},{"uid":"item_00003PHK","entries":[],"links":[{"external":false,"linkName":[{"key":"sv","value":"Willys Plus"}],"target":false,"url":"/artikel/om-oss/willys-plus"}],"children":[],"title":"Willys Plus"}],"title":"Willys Top Menu Navigation Node"}}]}}},{"key":"SearchLeftSlot","value":{"slotId":"SearchLeftSlot","slotUuid":"eyJpdGVtSWQiOiJTZWFyY2hMZWZ0U2xvdCIsImNhdGFsb2dJZCI6IndpbGx5c0NvbnRlbnRDYXRhbG9nIiwiY2F0YWxvZ1ZlcnNpb24iOiJPbmxpbmUifQ==","position":"SearchLeft","name":"SearchLeftSlot","slotShared":true,"components":{"component":[]}}},{"key":"Position3Slot-Category","value":{"slotId":"Position3Slot-Category","slotUuid":"eyJpdGVtSWQiOiJQb3NpdGlvbjNTbG90LUNhdGVnb3J5IiwiY2F0YWxvZ0lkIjoid2lsbHlzQ29udGVudENhdGFsb2ciLCJjYXRhbG9nVmVyc2lvbiI6Ik9ubGluZSJ9","position":"Position3","name":"Position3","slotShared":false,"components":{"component":[]}}},{"key":"HeaderLeftSlot","value":{"slotId":"HeaderLeftSlot","slotUuid":"eyJpdGVtSWQiOiJIZWFkZXJMZWZ0U2xvdCIsImNhdGFsb2dJZCI6IndpbGx5c0NvbnRlbnRDYXRhbG9nIiwiY2F0YWxvZ1ZlcnNpb24iOiJPbmxpbmUifQ==","position":"HeaderLeft","name":"HeaderLeftSlot","slotShared":true,"components":{"component":[{"uid":"SiteLogoComponent","uuid":"eyJpdGVtSWQiOiJTaXRlTG9nb0NvbXBvbmVudCIsImNhdGFsb2dJZCI6IndpbGx5c0NvbnRlbnRDYXRhbG9nIiwiY2F0YWxvZ1ZlcnNpb24iOiJPbmxpbmUifQ==","typeCode":"SimpleBannerComponent","modifiedTime":"2022-10-27T15:00:45.898+02:00","name":"Site Logo Component","container":"false","external":"false","synchronizationBlocked":"false","media":{"code":"willys_logo.svg","mime":"image/svg+xml","altText":"Willys","url":"https://d2rfo6yapuixuu.cloudfront.net/he9/h4c/8878098546718/willys_logo.svg"},"urlLink":"/","target":"sameWindow"}]}}},{"key":"SearchRightSlot","value":{"slotId":"SearchRightSlot","slotUuid":"eyJpdGVtSWQiOiJTZWFyY2hSaWdodFNsb3QiLCJjYXRhbG9nSWQiOiJ3aWxseXNDb250ZW50Q2F0YWxvZyIsImNhdGFsb2dWZXJzaW9uIjoiT25saW5lIn0=","position":"SearchRight","name":"SearchRightSlot","slotShared":true,"components":{"component":[]}}},{"key":"NavigationLeftSlot","value":{"slotId":"NavigationLeftSlot","slotUuid":"eyJpdGVtSWQiOiJOYXZpZ2F0aW9uTGVmdFNsb3QiLCJjYXRhbG9nSWQiOiJ3aWxseXNDb250ZW50Q2F0YWxvZyIsImNhdGFsb2dWZXJzaW9uIjoiT25saW5lIn0=","position":"NavigationLeft","name":"NavigationLeftSlot","slotShared":true,"components":{"component":[{"uid":"LeftMenuComponent","uuid":"eyJpdGVtSWQiOiJMZWZ0TWVudUNvbXBvbmVudCIsImNhdGFsb2dJZCI6IndpbGx5c0NvbnRlbnRDYXRhbG9nIiwiY2F0YWxvZ1ZlcnNpb24iOiJPbmxpbmUifQ==","typeCode":"LeftMenuComponent","modifiedTime":"2016-02-20T11:15:52.978+01:00","name":"Left Menu Component","container":"false","linksRootNavigationNode":{"uid":"LeftMenuLinksNode"},"synchronizationBlocked":"false","categoryRootNavigationNode":{"uid":"NavigationRootNode"},"navigationNode":{"uid":"LeftMenuLinksNode","entries":[],"links":[{"external":false,"linkName":[{"key":"sv","value":"Erbjudanden"}],"target":false,"url":"/erbjudanden"},{"external":false,"linkName":[{"key":"sv","value":"Mina vanligaste varor"}],"target":false,"url":"/minavanligastevaror"}],"children":[{"uid":"Willys_Inspiration_","entries":[],"links":[{"external":false,"linkName":[{"key":"sv","value":"Äh, nu tar vi helg"}],"target":false,"url":"/artikel/helgmat"},{"external":false,"linkName":[{"key":"sv","value":"Börja grillfesten här"}],"target":false,"url":"/artikel/grill"},{"external":false,"linkName":[{"key":"sv","value":"Bra till sommaren"}],"target":false,"url":"/artikel/inspiration/braattha"},{"external":false,"linkName":[{"key":"sv","value":"Nyheter"}],"target":false,"url":"/artikel/inspiration/nyheter"},{"external":false,"linkName":[{"key":"sv","value":"Dragomir Mrsics helgkasse"}],"target":false,"url":"/artikel/dragomirshelgkasse"},{"external":false,"linkName":[{"key":"sv","value":"Fler färdiga helgkassar"}],"target":false,"url":"/artikel/helgkassar"}],"children":[],"title":"Inspiration"}]}}]}}},{"key":"SearchBoxSlot","value":{"slotId":"SearchBoxSlot","slotUuid":"eyJpdGVtSWQiOiJTZWFyY2hCb3hTbG90IiwiY2F0YWxvZ0lkIjoid2lsbHlzQ29udGVudENhdGFsb2ciLCJjYXRhbG9nVmVyc2lvbiI6Ik9ubGluZSJ9","position":"SearchBox","name":"SearchBoxSlot","slotShared":true,"components":{"component":[{"uid":"SearchBox","uuid":"eyJpdGVtSWQiOiJTZWFyY2hCb3giLCJjYXRhbG9nSWQiOiJ3aWxseXNDb250ZW50Q2F0YWxvZyIsImNhdGFsb2dWZXJzaW9uIjoiT25saW5lIn0=","typeCode":"SearchBoxComponent","modifiedTime":"2017-06-26T15:27:57.986+02:00","name":"Search Box","container":"false","maxSuggestions":"5","maxProducts":"0","displaySuggestions":"true","synchronizationBlocked":"false","displayProducts":"false","displayProductImages":"false","waitTimeBeforeRequest":"500","minCharactersBeforeRequest":"2"}]}}},{"key":"MessageBoxSlot","value":{"slotId":"MessageBoxSlot","slotUuid":"eyJpdGVtSWQiOiJNZXNzYWdlQm94U2xvdCIsImNhdGFsb2dJZCI6IndpbGx5c0NvbnRlbnRDYXRhbG9nIiwiY2F0YWxvZ1ZlcnNpb24iOiJPbmxpbmUifQ==","position":"MessageBox","name":"MessageBoxSlot","slotShared":true,"components":{"component":[{"uid":"DeliveryContainer","uuid":"eyJpdGVtSWQiOiJEZWxpdmVyeUNvbnRhaW5lciIsImNhdGFsb2dJZCI6IndpbGx5c0NvbnRlbnRDYXRhbG9nIiwiY2F0YWxvZ1ZlcnNpb24iOiJPbmxpbmUifQ==","typeCode":"AxfoodDeliveryClosableContainer","modifiedTime":"2016-02-20T11:34:10.356+01:00","name":"Delivery Container","container":"true","synchronizationBlocked":"false"}]}}},{"key":"FooterCenterSlot","value":{"slotId":"FooterCenterSlot","slotUuid":"eyJpdGVtSWQiOiJGb290ZXJDZW50ZXJTbG90IiwiY2F0YWxvZ0lkIjoid2lsbHlzQ29udGVudENhdGFsb2ciLCJjYXRhbG9nVmVyc2lvbiI6Ik9ubGluZSJ9","position":"FooterCenter","name":"FooterCenterSlot","slotShared":true,"components":{"component":[{"uid":"FooterComponent","uuid":"eyJpdGVtSWQiOiJGb290ZXJDb21wb25lbnQiLCJjYXRhbG9nSWQiOiJ3aWxseXNDb250ZW50Q2F0YWxvZyIsImNhdGFsb2dWZXJzaW9uIjoiT25saW5lIn0=","typeCode":"AxfoodFooterComponent","modifiedTime":"2017-09-27T08:19:53.961+02:00","name":"Länkar sidfot","container":"false","socialLinks":{"instagram":{"container":"false","uid":"instagram","external":"false","name":"Instagram","synchronizationBlocked":"false","uuid":"eyJpdGVtSWQiOiJpbnN0YWdyYW0iLCJjYXRhbG9nSWQiOiJ3aWxseXNDb250ZW50Q2F0YWxvZyIsImNhdGFsb2dWZXJzaW9uIjoiT25saW5lIn0=","linkName":"Instagram","url":"https://www.instagram.com","typeCode":"CMSLinkComponent","target":"newWindow"},"twitter":{"container":"false","uid":"twitter","external":"false","name":"Twitter","synchronizationBlocked":"false","uuid":"eyJpdGVtSWQiOiJ0d2l0dGVyIiwiY2F0YWxvZ0lkIjoid2lsbHlzQ29udGVudENhdGFsb2ciLCJjYXRhbG9nVmVyc2lvbiI6Ik9ubGluZSJ9","linkName":"Twitter","url":"https://www.twitter.com","typeCode":"CMSLinkComponent","target":"newWindow"},"facebook":{"container":"false","uid":"facebook","external":"false","name":"Facebook","synchronizationBlocked":"false","uuid":"eyJpdGVtSWQiOiJmYWNlYm9vayIsImNhdGFsb2dJZCI6IndpbGx5c0NvbnRlbnRDYXRhbG9nIiwiY2F0YWxvZ1ZlcnNpb24iOiJPbmxpbmUifQ==","linkName":"Facebook","url":"www.facebook.com/Willys","typeCode":"CMSLinkComponent","target":"newWindow"}},"coreLinks":{"my-willy-plus":{"container":"false","uid":"my-willy-plus","external":"false","name":"My Willy+","synchronizationBlocked":"false","uuid":"eyJpdGVtSWQiOiJteS13aWxseS1wbHVzIiwiY2F0YWxvZ0lkIjoid2lsbHlzQ29udGVudENhdGFsb2ciLCJjYXRhbG9nVmVyc2lvbiI6Ik9ubGluZSJ9","linkName":"Mitt konto","url":"/#/mitt-konto","typeCode":"CMSLinkComponent","target":"sameWindow"}},"showLanguageCurrency":"false","wrapAfter":"0","synchronizationBlocked":"false","bottomLinks":{"WillysFooterCopyrightText":{"container":"false","uid":"WillysFooterCopyrightText","external":"false","name":"Willys Footer Copyright Text","synchronizationBlocked":"false","uuid":"eyJpdGVtSWQiOiJXaWxseXNGb290ZXJDb3B5cmlnaHRUZXh0IiwiY2F0YWxvZ0lkIjoid2lsbHlzQ29udGVudENhdGFsb2ciLCJjYXRhbG9nVmVyc2lvbiI6Ik9ubGluZSJ9","linkName":"©Willys","typeCode":"CMSLinkComponent","target":"sameWindow"}},"navigationNode":{"uid":"WillysFooterLinksNavNode","entries":[],"links":[],"children":[{"uid":"WillysFooterLinksLeftNode","entries":[],"links":[],"children":[{"uid":"WillysAboutNode","entries":[],"links":[{"external":false,"linkName":[{"key":"sv","value":"Om oss"}],"target":false,"url":"/artikel/om-oss"}],"children":[{"uid":"WillysVarHistoriaPageNode","entries":[],"links":[{"external":false,"linkName":[{"key":"sv","value":"Vår historia"}],"target":false,"url":"/artikel/om-oss/var-historia"}],"children":[],"title":"Vår historia"},{"uid":"WillysVarAffarsidePageNode","entries":[],"links":[{"external":false,"linkName":[{"key":"sv","value":"Vår affärsidé"}],"target":false,"url":"/artikel/om-oss/var-affarside"}],"children":[],"title":"Vår affärsidé"},{"uid":"WillysAllaRattTillBraMatPageNode","entries":[],"links":[{"external":false,"linkName":[{"key":"sv","value":"Allas rätt till bra mat"}],"target":false,"url":"/artikel/om-oss/allas-ratt-till-bra-mat"}],"children":[],"title":"Bra mat för alla"},{"uid":"WillysSustainabilityNode","entries":[],"links":[{"external":false,"linkName":[{"key":"sv","value":"Hållbarhet"}],"target":false,"url":"/artikel/om-oss/hallbarhet"}],"children":[{"uid":"WillysGreenRedNode","entries":[],"links":[{"external":false,"linkName":[{"key":"sv","value":"Resurseffektiva butiker"}],"target":false,"url":"/artikel/om-oss/hallbarhet/grona-butiker-roda-priser"}],"children":[{"uid":"Vår klimatpåverkan","entries":[],"links":[{"external":false,"linkName":[{"key":"sv","value":"Vår klimatpåverkan"}],"target":false,"url":"/artikel/om-oss/hallbarhet/var-klimatpaverkan"}],"children":[],"title":"Vår klimatpåverkan"}],"title":"Resurseffektiva butiker"},{"uid":"WillysGoodEnvironmentalNode","entries":[],"links":[{"external":false,"linkName":[{"key":"sv","value":"Bra miljöval"}],"target":false,"url":"/artikel/om-oss/hallbarhet/bra-miljoval"}],"children":[{"uid":"WillysPVCNode","entries":[],"links":[{"external":false,"linkName":[{"key":"sv","value":"PVC"}],"target":false,"url":"/artikel/om-oss/hallbarhet/bra-miljoval/pvc"}],"children":[],"title":"PVC"},{"uid":"WillysEcoLabeledToysNode","entries":[],"links":[{"external":false,"linkName":[{"key":"sv","value":"Miljömärkta leksaker"}],"target":false,"url":"/artikel/om-oss/hallbarhet/bra-miljoval/miljomarkta-leksaker"}],"children":[],"title":"Miljömärkta leksaker"}],"title":"Bra miljöval"},{"uid":"WillysAnsvarsfulltSortimentPageNode","entries":[],"links":[{"external":false,"linkName":[{"key":"sv","value":"Ansvarsfullt sortiment"}],"target":false,"url":"/artikel/om-oss/hallbarhet/ansvarsfullt-sortiment"}],"children":[],"title":"Ansvarsfullt sortiment"},{"uid":"WillysWasteSmartNode","entries":[],"links":[{"external":false,"linkName":[{"key":"sv","value":"Svinnsmart"}],"target":false,"url":"/artikel/om-oss/hallbarhet/svinnsmart"}],"children":[{"uid":"WillysOurGoalNode","entries":[],"links":[{"external":false,"linkName":[{"key":"sv","value":"Vår målsättning"}],"target":false,"url":"/artikel/om-oss/hallbarhet/svinnsmart/var-malsattning"}],"children":[],"title":"Vår målsättning"},{"uid":"WillysBecomeWasteSmartNode","entries":[],"links":[{"external":false,"linkName":[{"key":"sv","value":"Bli svinnsmart"}],"target":false,"url":"/artikel/om-oss/hallbarhet/svinnsmart/bli-svinnsmart"}],"children":[],"title":"Bli svinnsmart"},{"uid":"WillysWasteSmartCooperationNode","entries":[],"links":[{"external":false,"linkName":[{"key":"sv","value":"Svinnsmarta samarbeten"}],"target":false,"url":"/artikel/om-oss/hallbarhet/svinnsmart/svinnsmarta-samarbeten"}],"children":[],"title":"Svinnsmarta samarbeten"},{"uid":"WillysReduceWasteNode","entries":[],"links":[{"external":false,"linkName":[{"key":"sv","value":"Så minskar vi matsvinnet"}],"target":false,"url":"/artikel/om-oss/hallbarhet/svinnsmart/sa-minskar-vi-matsvinnet"}],"children":[],"title":"Så minskar vi matsvinnet"},{"uid":"WillysDenHarMatenSlangsMestNode","entries":[],"links":[{"external":false,"linkName":[{"key":"sv","value":"Den här maten slängs mest"}],"target":false,"url":"/artikel/om-oss/hallbarhet/svinnsmart/undersokning"}],"children":[],"title":"Den här maten slängs mest"},{"uid":"WillysFoodCommissionNode","entries":[],"links":[{"external":false,"linkName":[{"key":"sv","value":"Matmissionen"}],"target":false,"url":"/artikel/om-oss/hallbarhet/svinnsmart/matmissionen"}],"children":[],"title":"Matmissionen"},{"uid":"WillysVaraSvinnsmartaProdukterNode","entries":[],"links":[{"external":false,"linkName":[{"key":"sv","value":"Våra svinnsmarta produkter"}],"target":false,"url":"/artikel/om-oss/hallbarhet/svinnsmart/varor"}],"children":[],"title":"Våra svinnsmarta produkter"}],"title":"Svinnsmart"},{"uid":"WillysSaveTheChildrenNode","entries":[],"links":[{"external":false,"linkName":[{"key":"sv","value":"Rädda Barnen"}],"target":false,"url":"/artikel/om-oss/hallbarhet/samhallsengagemang"}],"children":[],"title":"Samhällsengagemang"}],"title":"Hållbarhet"},{"uid":"WillysNewsNode","entries":[],"links":[{"external":false,"linkName":[{"key":"sv","value":"Nyheter \u0026 press"}],"target":false,"url":"/artikel/om-oss/nyheter-och-press"}],"children":[],"title":"Nyheter \u0026 press"},{"uid":"WillysWillysPlusNode","entries":[],"links":[{"external":false,"linkName":[{"key":"sv","value":"Willys Plus"}],"target":false,"url":"/artikel/om-oss/willys-plus"}],"children":[{"uid":"WillysBetterDealNode","entries":[],"links":[{"external":false,"linkName":[{"key":"sv","value":"En ännu bättre affär"}],"target":false,"url":"/artikel/om-oss/willys-plus/en-annu-battre-affar"}],"children":[],"title":"En ännu bättre affär"},{"uid":"WillysWillysPlusPaFleraSprakNode","entries":[],"links":[{"external":false,"linkName":[{"key":"sv","value":"Willys plus på flera språk"}],"target":false,"url":"/artikel/om-oss/willys-plus/willys-plus-pa-flera-sprak"}],"children":[],"title":"Willys Plus på flera språk"},{"uid":"WillysUtanPersonnummer","entries":[],"links":[{"external":false,"linkName":[{"key":"sv","value":"Ansluta utan personnnummer"}],"target":false,"url":"/artikel/om-oss/willys-plus/utan-personnummer"}],"children":[],"title":"Ansluta utan personnummer"}],"title":"Willys Plus"},{"uid":"Willys Dataskydd Node","entries":[],"links":[{"external":false,"linkName":[{"key":"sv","value":"Dataskydd"}],"target":false,"url":"/artikel/villkor-dataskydd"}],"children":[{"uid":"Node Integritetspolicy","entries":[],"links":[{"external":false,"linkName":[{"key":"sv","value":"Integritetspolicy"}],"target":false,"url":"/artikel/integritetspolicy"}],"children":[],"title":"Integritetspolicy"}],"title":"Dataskydd"},{"uid":"CookieSettings","entries":[],"links":[],"children":[],"title":"Cookie-inställningar"}],"title":"Om oss"},{"uid":"WillysCustomerServiceNode","entries":[],"links":[{"external":false,"linkName":[{"key":"sv","value":"Kundservice"}],"target":false,"url":"/artikel/kundservice"}],"children":[{"uid":"WillysContactNode","entries":[],"links":[{"external":false,"linkName":[{"key":"sv","value":"Kontakta oss"}],"target":false,"url":"/artikel/kundservice/kontakta-oss"}],"children":[],"title":"Kontakta oss"},{"uid":"WillysFAQNode","entries":[],"links":[{"external":false,"linkName":[{"key":"sv","value":"Vanliga frågor \u0026 svar"}],"target":false,"url":"/artikel/kundservice/vanliga-fragor-och-svar"}],"children":[],"title":"Vanliga frågor \u0026 svar"},{"uid":"WillysEhandelNode","entries":[],"links":[{"external":false,"linkName":[{"key":"sv","value":"Vår e-handel"}],"target":false,"url":"/artikel/ehandla"}],"children":[],"title":"Vår e-handel"},{"uid":"WillysWarrantyNode","entries":[],"links":[{"external":false,"linkName":[{"key":"sv","value":"Våra garantier"}],"target":false,"url":"/artikel/kundservice/vara-garantier"}],"children":[],"title":"Våra garantier"},{"uid":"WillysECommerceTermsNode","entries":[],"links":[{"external":false,"linkName":[{"key":"sv","value":"Villkor e-handel"}],"target":false,"url":"/artikel/kundservice/villkor-e-handel"}],"children":[],"title":"Villkor e-handel"},{"uid":"WillysWillysPlusTerms2Node","entries":[],"links":[{"external":false,"linkName":[{"key":"sv","value":"Villkor Willys Plus"}],"target":false,"url":"/kundservice/villkor-for-willys-plus"}],"children":[],"title":"Villkor Willys Plus"},{"uid":"Willys E-handel företag","entries":[],"links":[{"external":false,"linkName":[{"key":"sv","value":"E-handel företag"}],"target":false,"url":"/artikel/foretag"}],"children":[{"uid":"Företagstider","entries":[],"links":[{"external":false,"linkName":[{"key":"sv","value":"Här kan du e-handla som företag"}],"target":false,"url":"/foretagstider"}],"children":[],"title":"Här kan du e-handla som företag"}],"title":"E-handel företag"}],"title":"Kundservice"},{"uid":"WillysWorkNode","entries":[],"links":[{"external":true,"linkName":[{"key":"sv","value":"Jobba hos oss"}],"target":true,"url":"https://www.willys.se/artikel/jobbahososs"}],"children":[{"uid":"WillysLedigaTjansterWorkNode","entries":[],"links":[{"external":true,"linkName":[{"key":"sv","value":"Lediga tjänster"}],"target":false,"url":"https://jobb.axfood.se/willys/go/Willys/3661901/?locale=sv_SE"}],"children":[],"title":"Lediga tjänster"},{"uid":"WillysUtvecklashosossWorkNode","entries":[],"links":[{"external":false,"linkName":[{"key":"sv","value":"Utvecklas hos oss"}],"target":false,"url":"/artikel/utvecklashososs"}],"children":[],"title":"Utvecklas hos oss"},{"uid":"WillysJobbapaWillysWorkNode","entries":[],"links":[{"external":false,"linkName":[{"key":"sv","value":"Jobba på Willys"}],"target":false,"url":"/artikel/jobbapawillys"}],"children":[],"title":"Jobba på Willys"},{"uid":"WillysVararollerWorkNode","entries":[],"links":[{"external":false,"linkName":[{"key":"sv","value":"Våra roller"}],"target":false,"url":"/artikel/vararoller"}],"children":[],"title":"Våra roller"},{"uid":"WillysFAQWorkNode","entries":[],"links":[{"external":false,"linkName":[{"key":"sv","value":"Frågor \u0026 svar om våra jobb"}],"target":false,"url":"/artikel/kundservice/vanliga-fragor-och-svar"}],"children":[],"title":"Frågor \u0026 svar om våra jobb"}],"title":"Jobba hos oss"}]},{"uid":"WillysFooterLinksRightNode","entries":[],"links":[],"children":[{"uid":"WillysFooterCampaignNode","entries":[],"links":[{"external":false,"linkName":[{"key":"sv","value":"Erbjudanden"}],"target":false,"url":"/erbjudanden"}],"children":[],"title":"Erbjudanden"},{"uid":"WillysFooterStoreFinderNode","entries":[],"links":[{"external":false,"linkName":[{"key":"sv","value":"Hitta butik"}],"target":false,"url":"/butik-sok"},{"external":false,"linkName":[{"key":"sv","value":"Hitta butik"}],"target":false,"url":"/butik-sok"}],"children":[],"title":"Hitta butik"},{"uid":"WillysFooterWillysPlusNode","entries":[],"links":[{"external":false,"linkName":[{"key":"sv","value":"Bli Willys Plus-kund"}],"target":false,"url":"/anvandare/identifiera"}],"children":[],"title":"Bli Willys Plus-kund"}],"title":"Willys Footer Right Navigation Node"}],"title":"Willys Footer Navigation Node"}}]}}}]},"breadcrumbs":[]},"data":{"results":[{"potentialPromotions":[{"threshold":null,"applied":false,"campaignType":"LOYALTY","promotionTheme":{"code":"Z060","visible":null},"textLabelGenerated":"","textLabelManual":null,"comparePrice":"4,98 kr","price":{"currencyIso":"SEK","value":29.9,"priceType":"BUY","formattedValue":"29,90 kr","minQuantity":null,"maxQuantity":null},"productCodes":["101277147_ST","101405978_ST","101469288_ST","101249479_ST"],"promotionType":"MixMatchPricePromotion","rewardLabel":"29,90/st","redeemLimitLabel":"Max 3 köp","cartLabel":null,"validUntil":null,"timesUsed":null,"qualifyingCount":1,"splashTitleText":"Kampanj","realMixAndMatch":false,"mainProductCode":"101277147_ST","conditionLabel":"Spara 13,00 kr/st","conditionLabelFormatted":"","promotionRedeemLimit":null,"promotionPercentage":null,"cartLabelFormatted":"","code":"2500115519","priority":608}],"priceValue":42.9,"depositPrice":"","averageWeight":null,"comparePrice":"7,15 kr","comparePriceUnit":"st","isDrugProduct":false,"solrSearchScore":1,"energyDeclaration":null,"price":"42,90 kr","ranking":240.0998161909,"image":{"imageType":"PRIMARY","format":"product","url":"https://d2rfo6yapuixuu.cloudfront.net/h52/hbc/11726189166622/7312690800086_1622031021243_master_axfood_300","altText":null,"galleryIndex":null,"width":null},"newsSplashProduct":false,"notAllowedB2b":false,"notAllowedAnonymous":false,"productLine2":"SIA GLASS, 6p","pickupProductLine2":"SIA GLASS, 6p","priceUnit":"kr/st","priceNoUnit":"42,90","savingsAmount":13,"googleAnalyticsCategory":"","gdprTrackingIncompliant":false,"showGoodPriceIcon":false,"nicotineMedicalProduct":false,"tobaccoFreeNicotineProduct":false,"nonEkoProduct":false,"tobaccoProduct":false,"labels":["swedish_flag","from_sweden","frozen"],"incrementValue":1,"productBasketType":{"code":"ST","type":"ProductBasketTypeEnum"},"manufacturer":"Sia Glass","thumbnail":{"imageType":"PRIMARY","format":"thumbnail","url":"https://d2rfo6yapuixuu.cloudfront.net/h63/hbf/11726189232158/7312690800086_1622031021243_master_axfood_100","altText":null,"galleryIndex":null,"width":null},"outOfStock":false,"online":true,"displayVolume":"6p","addToCartDisabled":false,"code":"101277147_ST","name":"Glassbåt Gräddglass"},{"potentialPromotions":[{"threshold":null,"applied":false,"campaignType":"LOYALTY","promotionTheme":{"code":"Z060","visible":null},"textLabelGenerated":"","textLabelManual":null,"comparePrice":"4,98 kr","price":{"currencyIso":"SEK","value":29.9,"priceType":"BUY","formattedValue":"29,90 kr","minQuantity":null,"maxQuantity":null},"productCodes":["101277147_ST","101405978_ST","101469288_ST","101249479_ST"],"promotionType":"MixMatchPricePromotion","rewardLabel":"29,90/st","redeemLimitLabel":"Max 3 köp","cartLabel":null,"validUntil":null,"timesUsed":null,"qualifyingCount":1,"splashTitleText":"Kampanj","realMixAndMatch":false,"mainProductCode":"101277147_ST","conditionLabel":"Spara 13,00 kr/st","conditionLabelFormatted":"","promotionRedeemLimit":null,"promotionPercentage":null,"cartLabelFormatted":"","code":"2500115519","priority":608}],"priceValue":42.9,"depositPrice":"","averageWeight":null,"comparePrice":"7,15 kr","comparePriceUnit":"st","isDrugProduct":false,"solrSearchScore":1,"energyDeclaration":null,"price":"42,90 kr","ranking":240.0998161909,"image":{"imageType":"PRIMARY","format":"product","url":"https://d2rfo6yapuixuu.cloudfront.net/h1f/h16/13883716993054/7312690800192_1674359144985_master_axfood_300","altText":null,"galleryIndex":null,"width":null},"newsSplashProduct":false,"notAllowedB2b":false,"notAllowedAnonymous":false,"productLine2":"SIA GLASS, 6st","pickupProductLine2":"SIA GLASS, 6st","priceUnit":"kr/st","priceNoUnit":"42,90","savingsAmount":13,"googleAnalyticsCategory":"","gdprTrackingIncompliant":false,"showGoodPriceIcon":false,"nicotineMedicalProduct":false,"tobaccoFreeNicotineProduct":false,"nonEkoProduct":false,"tobaccoProduct":false,"labels":["swedish_flag","from_sweden","frozen"],"incrementValue":1,"productBasketType":{"code":"ST","type":"ProductBasketTypeEnum"},"manufacturer":"Sia Glass","thumbnail":{"imageType":"PRIMARY","format":"thumbnail","url":"https://d2rfo6yapuixuu.cloudfront.net/h89/h34/13883717058590/7312690800192_1674359144985_master_axfood_100","altText":null,"galleryIndex":null,"width":null},"outOfStock":false,"online":true,"displayVolume":"6st","addToCartDisabled":false,"code":"101405978_ST","name":"Glassbåt Hallon\u0026saltlakrits"},{"potentialPromotions":[{"threshold":null,"applied":false,"campaignType":"LOYALTY","promotionTheme":{"code":"Z060","visible":null},"textLabelGenerated":"","textLabelManual":null,"comparePrice":"5,98 kr","price":{"currencyIso":"SEK","value":29.9,"priceType":"BUY","formattedValue":"29,90 kr","minQuantity":null,"maxQuantity":null},"productCodes":["101277147_ST","101405978_ST","101469288_ST","101249479_ST"],"promotionType":"MixMatchPricePromotion","rewardLabel":"29,90/st","redeemLimitLabel":"Max 3 köp","cartLabel":null,"validUntil":null,"timesUsed":null,"qualifyingCount":1,"splashTitleText":"Kampanj","realMixAndMatch":false,"mainProductCode":"101277147_ST","conditionLabel":"Spara 13,00 kr/st","conditionLabelFormatted":"","promotionRedeemLimit":null,"promotionPercentage":null,"cartLabelFormatted":"","code":"2500115519","priority":608}],"priceValue":42.9,"depositPrice":"","averageWeight":null,"comparePrice":"8,58 kr","comparePriceUnit":"st","isDrugProduct":false,"solrSearchScore":1,"energyDeclaration":null,"price":"42,90 kr","ranking":240.0998161909,"image":{"imageType":"PRIMARY","format":"product","url":"https://d2rfo6yapuixuu.cloudfront.net/h3c/ha5/13923524804638/7312690800246_1675137326396_master_axfood_300","altText":null,"galleryIndex":null,"width":null},"newsSplashProduct":false,"notAllowedB2b":false,"notAllowedAnonymous":false,"productLine2":"SIA GLASS, 5p","pickupProductLine2":"SIA GLASS, 5p","priceUnit":"kr/st","priceNoUnit":"42,90","savingsAmount":13,"googleAnalyticsCategory":"","gdprTrackingIncompliant":false,"showGoodPriceIcon":false,"nicotineMedicalProduct":false,"tobaccoFreeNicotineProduct":false,"nonEkoProduct":false,"tobaccoProduct":false,"labels":["frozen"],"incrementValue":1,"productBasketType":{"code":"ST","type":"ProductBasketTypeEnum"},"manufacturer":"Sia Glass","thumbnail":{"imageType":"PRIMARY","format":"thumbnail","url":"https://d2rfo6yapuixuu.cloudfront.net/hfd/ha5/13923524870174/7312690800246_1675137326396_master_axfood_100","altText":null,"galleryIndex":null,"width":null},"outOfStock":false,"online":true,"displayVolume":"5p","addToCartDisabled":false,"code":"101469288_ST","name":"Salt Karamell Flerpack Glass"},{"potentialPromotions":[{"threshold":null,"applied":false,"campaignType":"LOYALTY","promotionTheme":{"code":"Z060","visible":null},"textLabelGenerated":"","textLabelManual":null,"comparePrice":"4,98 kr","price":{"currencyIso":"SEK","value":29.9,"priceType":"BUY","formattedValue":"29,90 kr","minQuantity":null,"maxQuantity":null},"productCodes":["101277147_ST","101405978_ST","101469288_ST","101249479_ST"],"promotionType":"MixMatchPricePromotion","rewardLabel":"29,90/st","redeemLimitLabel":"Max 3 köp","cartLabel":null,"validUntil":null,"timesUsed":null,"qualifyingCount":1,"splashTitleText":"Kampanj","realMixAndMatch":false,"mainProductCode":"101277147_ST","conditionLabel":"Spara 13,00 kr/st","conditionLabelFormatted":"","promotionRedeemLimit":null,"promotionPercentage":null,"cartLabelFormatted":"","code":"2500115519","priority":608}],"priceValue":42.9,"depositPrice":"","averageWeight":null,"comparePrice":"7,15 kr","comparePriceUnit":"st","isDrugProduct":false,"solrSearchScore":1,"energyDeclaration":null,"price":"42,90 kr","ranking":240.0998161909,"image":{"imageType":"PRIMARY","format":"product","url":"https://d2rfo6yapuixuu.cloudfront.net/h97/h6f/9873913184286/7312690800048_1582872044367_master_axfood_300","altText":null,"galleryIndex":null,"width":null},"newsSplashProduct":false,"notAllowedB2b":false,"notAllowedAnonymous":false,"productLine2":"SIA GLASS, 6p","pickupProductLine2":"SIA GLASS, 6p","priceUnit":"kr/st","priceNoUnit":"42,90","savingsAmount":13,"googleAnalyticsCategory":"","gdprTrackingIncompliant":false,"showGoodPriceIcon":false,"nicotineMedicalProduct":false,"tobaccoFreeNicotineProduct":false,"nonEkoProduct":false,"tobaccoProduct":false,"labels":["crossed_ax","frozen","glutenfree","laktosfree"],"incrementValue":1,"productBasketType":{"code":"ST","type":"ProductBasketTypeEnum"},"manufacturer":"Sia Glass","thumbnail":{"imageType":"PRIMARY","format":"thumbnail","url":"https://d2rfo6yapuixuu.cloudfront.net/ha6/h75/9873913315358/7312690800048_1582872044367_master_axfood_100","altText":null,"galleryIndex":null,"width":null},"outOfStock":false,"online":true,"displayVolume":"6p","addToCartDisabled":false,"code":"101249479_ST","name":"Juni Strut Gräddglass"},{"potentialPromotions":[{"threshold":null,"applied":false,"campaignType":"GENERAL","promotionTheme":{"code":"Z001","visible":null},"textLabelGenerated":"","textLabelManual":null,"comparePrice":"2,25 kr","price":{"currencyIso":"SEK","value":22.5,"priceType":"BUY","formattedValue":"22,50 kr","minQuantity":null,"maxQuantity":null},"productCodes":["101469945_ST"],"promotionType":"MixMatchPricePromotion","rewardLabel":"45,00","redeemLimitLabel":"","cartLabel":null,"validUntil":null,"timesUsed":null,"qualifyingCount":2,"splashTitleText":"Kampanj","realMixAndMatch":false,"mainProductCode":"101469945_ST","conditionLabel":"2 för","conditionLabelFormatted":"","promotionRedeemLimit":null,"promotionPercentage":null,"cartLabelFormatted":"","code":"2500112907","priority":408}],"priceValue":25.9,"depositPrice":"","averageWeight":null,"comparePrice":"2,59 kr","comparePriceUnit":"st","isDrugProduct":false,"solrSearchScore":1,"energyDeclaration":null,"price":"25,90 kr","ranking":120.89699737122,"image":{"imageType":"PRIMARY","format":"product","url":"https://d2rfo6yapuixuu.cloudfront.net/h4b/h71/13926427787294/7311043001644_1675164920284_master_axfood_300","altText":null,"galleryIndex":null,"width":null},"newsSplashProduct":true,"notAllowedB2b":false,"notAllowedAnonymous":false,"productLine2":"DAZZLEY, 10p","pickupProductLine2":"DAZZLEY, 10p","priceUnit":"kr/st","priceNoUnit":"25,90","savingsAmount":3.4,"googleAnalyticsCategory":"","gdprTrackingIncompliant":false,"showGoodPriceIcon":false,"nicotineMedicalProduct":false,"tobaccoFreeNicotineProduct":false,"nonEkoProduct":false,"tobaccoProduct":false,"labels":["frozen"],"incrementValue":1,"productBasketType":{"code":"ST","type":"ProductBasketTypeEnum"},"manufacturer":"Dazzley","thumbnail":{"imageType":"PRIMARY","format":"thumbnail","url":"https://d2rfo6yapuixuu.cloudfront.net/h5c/h74/13926427852830/7311043001644_1675164920284_master_axfood_100","altText":null,"galleryIndex":null,"width":null},"outOfStock":false,"online":true,"displayVolume":"10p","addToCartDisabled":false,"code":"101469945_ST","name":"Popsicles Green"},{"potentialPromotions":[{"threshold":null,"applied":false,"campaignType":"GENERAL","promotionTheme":{"code":"Z062","visible":null},"textLabelGenerated":"","textLabelManual":null,"comparePrice":"101,96 kr","price":{"currencyIso":"SEK","value":46.9,"priceType":"BUY","formattedValue":"46,90 kr","minQuantity":null,"maxQuantity":null},"productCodes":["101277242_ST","101277249_ST","101277269_ST","101290065_ST","101277252_ST","101335421_ST","101290092_ST"],"promotionType":"MixMatchPricePromotion","rewardLabel":"46,90/st","redeemLimitLabel":"","cartLabel":null,"validUntil":null,"timesUsed":null,"qualifyingCount":1,"splashTitleText":"","realMixAndMatch":false,"mainProductCode":"101277242_ST","conditionLabel":"Spara 6,00 kr/st","conditionLabelFormatted":"","promotionRedeemLimit":null,"promotionPercentage":null,"cartLabelFormatted":"","code":"2500113295","priority":408}],"priceValue":52.9,"depositPrice":"","averageWeight":null,"comparePrice":"115,00 kr","comparePriceUnit":"l","isDrugProduct":false,"solrSearchScore":1,"energyDeclaration":null,"price":"52,90 kr","ranking":120.89699634098,"image":{"imageType":"PRIMARY","format":"product","url":"https://d2rfo6yapuixuu.cloudfront.net/h89/h23/13620182777886/3415581114928_1668520510432_master_axfood_300","altText":null,"galleryIndex":null,"width":null},"newsSplashProduct":false,"notAllowedB2b":false,"notAllowedAnonymous":false,"productLine2":"HÄAGEN-DAZS, 0,46l","pickupProductLine2":"HÄAGEN-DAZS, 0,46l","priceUnit":"kr/st","priceNoUnit":"52,90","savingsAmount":6,"googleAnalyticsCategory":"","gdprTrackingIncompliant":false,"showGoodPriceIcon":false,"nicotineMedicalProduct":false,"tobaccoFreeNicotineProduct":false,"nonEkoProduct":false,"tobaccoProduct":false,"labels":["frozen","glutenfree"],"incrementValue":1,"productBasketType":{"code":"ST","type":"ProductBasketTypeEnum"},"manufacturer":"Häagen-dazs","thumbnail":{"imageType":"PRIMARY","format":"thumbnail","url":"https://d2rfo6yapuixuu.cloudfront.net/h9b/h26/13620182843422/3415581114928_1668520510432_master_axfood_100","altText":null,"galleryIndex":null,"width":null},"outOfStock":false,"online":true,"displayVolume":"0,46l","addToCartDisabled":false,"code":"101277242_ST","name":"Salted Caramel"},{"potentialPromotions":[{"threshold":null,"applied":false,"campaignType":"GENERAL","promotionTheme":{"code":"Z062","visible":null},"textLabelGenerated":"","textLabelManual":null,"comparePrice":"101,96 kr","price":{"currencyIso":"SEK","value":46.9,"priceType":"BUY","formattedValue":"46,90 kr","minQuantity":null,"maxQuantity":null},"productCodes":["101277242_ST","101277249_ST","101277269_ST","101290065_ST","101277252_ST","101335421_ST","101290092_ST"],"promotionType":"MixMatchPricePromotion","rewardLabel":"46,90/st","redeemLimitLabel":"","cartLabel":null,"validUntil":null,"timesUsed":null,"qualifyingCount":1,"splashTitleText":"","realMixAndMatch":false,"mainProductCode":"101277242_ST","conditionLabel":"Spara 6,00 kr/st","conditionLabelFormatted":"","promotionRedeemLimit":null,"promotionPercentage":null,"cartLabelFormatted":"","code":"2500113295","priority":408}],"priceValue":52.9,"depositPrice":"","averageWeight":null,"comparePrice":"115,00 kr","comparePriceUnit":"l","isDrugProduct":false,"solrSearchScore":1,"energyDeclaration":null,"price":"52,90 kr","ranking":120.89699634098,"image":{"imageType":"PRIMARY","format":"product","url":"https://d2rfo6yapuixuu.cloudfront.net/hb2/hfa/13620189397022/3415581105926_1668523806802_master_axfood_300","altText":null,"galleryIndex":null,"width":null},"newsSplashProduct":false,"notAllowedB2b":false,"notAllowedAnonymous":false,"productLine2":"HÄAGEN-DAZS, 0,46l","pickupProductLine2":"HÄAGEN-DAZS, 0,46l","priceUnit":"kr/st","priceNoUnit":"52,90","savingsAmount":6,"googleAnalyticsCategory":"","gdprTrackingIncompliant":false,"showGoodPriceIcon":false,"nicotineMedicalProduct":false,"tobaccoFreeNicotineProduct":false,"nonEkoProduct":false,"tobaccoProduct":false,"labels":["frozen","glutenfree"],"incrementValue":1,"productBasketType":{"code":"ST","type":"ProductBasketTypeEnum"},"manufacturer":"Häagen-dazs","thumbnail":{"imageType":"PRIMARY","format":"thumbnail","url":"https://d2rfo6yapuixuu.cloudfront.net/hc3/hfd/13620189462558/3415581105926_1668523806802_master_axfood_100","altText":null,"galleryIndex":null,"width":null},"outOfStock":false,"online":true,"displayVolume":"0,46l","addToCartDisabled":false,"code":"101277269_ST","name":"Strawberries \u0026 Cream"},{"potentialPromotions":[{"threshold":null,"applied":false,"campaignType":"GENERAL","promotionTheme":{"code":"Z062","visible":null},"textLabelGenerated":"","textLabelManual":null,"comparePrice":"101,96 kr","price":{"currencyIso":"SEK","value":46.9,"priceType":"BUY","formattedValue":"46,90 kr","minQuantity":null,"maxQuantity":null},"productCodes":["101277242_ST","101277249_ST","101277269_ST","101290065_ST","101277252_ST","101335421_ST","101290092_ST"],"promotionType":"MixMatchPricePromotion","rewardLabel":"46,90/st","redeemLimitLabel":"","cartLabel":null,"validUntil":null,"timesUsed":null,"qualifyingCount":1,"splashTitleText":"","realMixAndMatch":false,"mainProductCode":"101277242_ST","conditionLabel":"Spara 6,00 kr/st","conditionLabelFormatted":"","promotionRedeemLimit":null,"promotionPercentage":null,"cartLabelFormatted":"","code":"2500113295","priority":408}],"priceValue":52.9,"depositPrice":"","averageWeight":null,"comparePrice":"115,00 kr","comparePriceUnit":"l","isDrugProduct":false,"solrSearchScore":1,"energyDeclaration":null,"price":"52,90 kr","ranking":120.89699634098,"image":{"imageType":"PRIMARY","format":"product","url":"https://d2rfo6yapuixuu.cloudfront.net/h0d/h19/13620182450206/3415581101928_1668520508583_master_axfood_300","altText":null,"galleryIndex":null,"width":null},"newsSplashProduct":false,"notAllowedB2b":false,"notAllowedAnonymous":false,"productLine2":"HÄAGEN-DAZS, 0,46l","pickupProductLine2":"HÄAGEN-DAZS, 0,46l","priceUnit":"kr/st","priceNoUnit":"52,90","savingsAmount":6,"googleAnalyticsCategory":"","gdprTrackingIncompliant":false,"showGoodPriceIcon":false,"nicotineMedicalProduct":false,"tobaccoFreeNicotineProduct":false,"nonEkoProduct":false,"tobaccoProduct":false,"labels":["frozen","glutenfree"],"incrementValue":1,"productBasketType":{"code":"ST","type":"ProductBasketTypeEnum"},"manufacturer":"Häagen-dazs","thumbnail":{"imageType":"PRIMARY","format":"thumbnail","url":"https://d2rfo6yapuixuu.cloudfront.net/h0b/h1c/13620182515742/3415581101928_1668520508583_master_axfood_100","altText":null,"galleryIndex":null,"width":null},"outOfStock":false,"online":true,"displayVolume":"0,46l","addToCartDisabled":false,"code":"101277249_ST","name":"Vanilla"},{"potentialPromotions":[{"threshold":null,"applied":false,"campaignType":"GENERAL","promotionTheme":{"code":"Z062","visible":null},"textLabelGenerated":"","textLabelManual":null,"comparePrice":"101,96 kr","price":{"currencyIso":"SEK","value":46.9,"priceType":"BUY","formattedValue":"46,90 kr","minQuantity":null,"maxQuantity":null},"productCodes":["101277242_ST","101277249_ST","101277269_ST","101290065_ST","101277252_ST","101335421_ST","101290092_ST"],"promotionType":"MixMatchPricePromotion","rewardLabel":"46,90/st","redeemLimitLabel":"","cartLabel":null,"validUntil":null,"timesUsed":null,"qualifyingCount":1,"splashTitleText":"","realMixAndMatch":false,"mainProductCode":"101277242_ST","conditionLabel":"Spara 6,00 kr/st","conditionLabelFormatted":"","promotionRedeemLimit":null,"promotionPercentage":null,"cartLabelFormatted":"","code":"2500113295","priority":408}],"priceValue":52.9,"depositPrice":"","averageWeight":null,"comparePrice":"115,00 kr","comparePriceUnit":"l","isDrugProduct":false,"solrSearchScore":1,"energyDeclaration":null,"price":"52,90 kr","ranking":120.89699634098,"image":{"imageType":"PRIMARY","format":"product","url":"https://d2rfo6yapuixuu.cloudfront.net/hdf/h18/13620190576670/3415581122022_1668524107899_master_axfood_300","altText":null,"galleryIndex":null,"width":null},"newsSplashProduct":false,"notAllowedB2b":false,"notAllowedAnonymous":false,"productLine2":"HÄAGEN-DAZS, 0.46l","pickupProductLine2":"HÄAGEN-DAZS, 0.46l","priceUnit":"kr/st","priceNoUnit":"52,90","savingsAmount":6,"googleAnalyticsCategory":"","gdprTrackingIncompliant":false,"showGoodPriceIcon":false,"nicotineMedicalProduct":false,"tobaccoFreeNicotineProduct":false,"nonEkoProduct":false,"tobaccoProduct":false,"labels":["frozen","glutenfree"],"incrementValue":1,"productBasketType":{"code":"ST","type":"ProductBasketTypeEnum"},"manufacturer":"Häagen-dazs","thumbnail":{"imageType":"PRIMARY","format":"thumbnail","url":"https://d2rfo6yapuixuu.cloudfront.net/hf0/h1b/13620190642206/3415581122022_1668524107899_master_axfood_100","altText":null,"galleryIndex":null,"width":null},"outOfStock":false,"online":true,"displayVolume":"0.46l","addToCartDisabled":false,"code":"101290092_ST","name":"Macadamia Nut Brittle Glass"},{"potentialPromotions":[{"threshold":null,"applied":false,"campaignType":"GENERAL","promotionTheme":{"code":"Z062","visible":null},"textLabelGenerated":"","textLabelManual":null,"comparePrice":"101,96 kr","price":{"currencyIso":"SEK","value":46.9,"priceType":"BUY","formattedValue":"46,90 kr","minQuantity":null,"maxQuantity":null},"productCodes":["101277242_ST","101277249_ST","101277269_ST","101290065_ST","101277252_ST","101335421_ST","101290092_ST"],"promotionType":"MixMatchPricePromotion","rewardLabel":"46,90/st","redeemLimitLabel":"","cartLabel":null,"validUntil":null,"timesUsed":null,"qualifyingCount":1,"splashTitleText":"","realMixAndMatch":false,"mainProductCode":"101277242_ST","conditionLabel":"Spara 6,00 kr/st","conditionLabelFormatted":"","promotionRedeemLimit":null,"promotionPercentage":null,"cartLabelFormatted":"","code":"2500113295","priority":408}],"priceValue":52.9,"depositPrice":"","averageWeight":null,"comparePrice":"115,00 kr","comparePriceUnit":"l","isDrugProduct":false,"solrSearchScore":1,"energyDeclaration":null,"price":"52,90 kr","ranking":120.89699634098,"image":{"imageType":"PRIMARY","format":"product","url":"https://d2rfo6yapuixuu.cloudfront.net/h29/hc5/11296649969694/3415581113921_1614680760225_master_axfood_300","altText":null,"galleryIndex":null,"width":null},"newsSplashProduct":false,"notAllowedB2b":false,"notAllowedAnonymous":false,"productLine2":"HÄAGEN-DAZS, 0,46l","pickupProductLine2":"HÄAGEN-DAZS, 0,46l","priceUnit":"kr/st","priceNoUnit":"52,90","savingsAmount":6,"googleAnalyticsCategory":"","gdprTrackingIncompliant":false,"showGoodPriceIcon":false,"nicotineMedicalProduct":false,"tobaccoFreeNicotineProduct":false,"nonEkoProduct":false,"tobaccoProduct":false,"labels":["frozen","glutenfree"],"incrementValue":1,"productBasketType":{"code":"ST","type":"ProductBasketTypeEnum"},"manufacturer":"Häagen-dazs","thumbnail":{"imageType":"PRIMARY","format":"thumbnail","url":"https://d2rfo6yapuixuu.cloudfront.net/h18/h37/11296650166302/3415581113921_1614680760225_master_axfood_100","altText":null,"galleryIndex":null,"width":null},"outOfStock":false,"online":true,"displayVolume":"0,46l","addToCartDisabled":false,"code":"101277252_ST","name":"Belgian Chocolate"},{"potentialPromotions":[{"threshold":null,"applied":false,"campaignType":"GENERAL","promotionTheme":{"code":"Z062","visible":null},"textLabelGenerated":"","textLabelManual":null,"comparePrice":"111,67 kr","price":{"currencyIso":"SEK","value":46.9,"priceType":"BUY","formattedValue":"46,90 kr","minQuantity":null,"maxQuantity":null},"productCodes":["101277242_ST","101277249_ST","101277269_ST","101290065_ST","101277252_ST","101335421_ST","101290092_ST"],"promotionType":"MixMatchPricePromotion","rewardLabel":"46,90/st","redeemLimitLabel":"","cartLabel":null,"validUntil":null,"timesUsed":null,"qualifyingCount":1,"splashTitleText":"","realMixAndMatch":false,"mainProductCode":"101277242_ST","conditionLabel":"Spara 6,00 kr/st","conditionLabelFormatted":"","promotionRedeemLimit":null,"promotionPercentage":null,"cartLabelFormatted":"","code":"2500113295","priority":408}],"priceValue":52.9,"depositPrice":"","averageWeight":null,"comparePrice":"125,95 kr","comparePriceUnit":"l","isDrugProduct":false,"solrSearchScore":1,"energyDeclaration":null,"price":"52,90 kr","ranking":120.89699634098,"image":{"imageType":"PRIMARY","format":"product","url":"https://d2rfo6yapuixuu.cloudfront.net/h87/h85/13620191625246/3415582300924_1668524114894_master_axfood_300","altText":null,"galleryIndex":null,"width":null},"newsSplashProduct":false,"notAllowedB2b":false,"notAllowedAnonymous":false,"productLine2":"HÄAGEN-DAZS, 0.42l","pickupProductLine2":"HÄAGEN-DAZS, 0.42l","priceUnit":"kr/st","priceNoUnit":"52,90","savingsAmount":6,"googleAnalyticsCategory":"","gdprTrackingIncompliant":false,"showGoodPriceIcon":false,"nicotineMedicalProduct":false,"tobaccoFreeNicotineProduct":false,"nonEkoProduct":false,"tobaccoProduct":false,"labels":["frozen","glutenfree"],"incrementValue":1,"productBasketType":{"code":"ST","type":"ProductBasketTypeEnum"},"manufacturer":"Häagen-dazs","thumbnail":{"imageType":"PRIMARY","format":"thumbnail","url":"https://d2rfo6yapuixuu.cloudfront.net/h48/h86/13620191690782/3415582300924_1668524114894_master_axfood_100","altText":null,"galleryIndex":null,"width":null},"outOfStock":false,"online":true,"displayVolume":"0.42l","addToCartDisabled":false,"code":"101335421_ST","name":"Duo Belgian Chocolate \u0026 Vanilla Glass"},{"potentialPromotions":[{"threshold":null,"applied":false,"campaignType":"GENERAL","promotionTheme":{"code":"Z062","visible":null},"textLabelGenerated":"","textLabelManual":null,"comparePrice":"101,96 kr","price":{"currencyIso":"SEK","value":46.9,"priceType":"BUY","formattedValue":"46,90 kr","minQuantity":null,"maxQuantity":null},"productCodes":["101277242_ST","101277249_ST","101277269_ST","101290065_ST","101277252_ST","101335421_ST","101290092_ST"],"promotionType":"MixMatchPricePromotion","rewardLabel":"46,90/st","redeemLimitLabel":"","cartLabel":null,"validUntil":null,"timesUsed":null,"qualifyingCount":1,"splashTitleText":"","realMixAndMatch":false,"mainProductCode":"101277242_ST","conditionLabel":"Spara 6,00 kr/st","conditionLabelFormatted":"","promotionRedeemLimit":null,"promotionPercentage":null,"cartLabelFormatted":"","code":"2500113295","priority":408}],"priceValue":52.9,"depositPrice":"","averageWeight":null,"comparePrice":"115,00 kr","comparePriceUnit":"l","isDrugProduct":false,"solrSearchScore":1,"energyDeclaration":null,"price":"52,90 kr","ranking":120.89699634098,"image":{"imageType":"PRIMARY","format":"product","url":"https://d2rfo6yapuixuu.cloudfront.net/hf9/h77/13620191232030/3415581176025_1668524112217_master_axfood_300","altText":null,"galleryIndex":null,"width":null},"newsSplashProduct":false,"notAllowedB2b":false,"notAllowedAnonymous":false,"productLine2":"HÄAGEN-DAZS, 0.46l","pickupProductLine2":"HÄAGEN-DAZS, 0.46l","priceUnit":"kr/st","priceNoUnit":"52,90","savingsAmount":6,"googleAnalyticsCategory":"","gdprTrackingIncompliant":false,"showGoodPriceIcon":false,"nicotineMedicalProduct":false,"tobaccoFreeNicotineProduct":false,"nonEkoProduct":false,"tobaccoProduct":false,"labels":["frozen","glutenfree"],"incrementValue":1,"productBasketType":{"code":"ST","type":"ProductBasketTypeEnum"},"manufacturer":"Häagen-dazs","thumbnail":{"imageType":"PRIMARY","format":"thumbnail","url":"https://d2rfo6yapuixuu.cloudfront.net/ha7/h78/13620191297566/3415581176025_1668524112217_master_axfood_100","altText":null,"galleryIndex":null,"width":null},"outOfStock":false,"online":true,"displayVolume":"0.46l","addToCartDisabled":false,"code":"101290065_ST","name":"Strawberry Cheescake Glass"},{"potentialPromotions":[{"threshold":null,"applied":false,"campaignType":"GENERAL","promotionTheme":{"code":"Z001","visible":null},"textLabelGenerated":"","textLabelManual":null,"comparePrice":"30,00 kr","price":{"currencyIso":"SEK","value":15,"priceType":"BUY","formattedValue":"15,00 kr","minQuantity":null,"maxQuantity":null},"productCodes":["100374462_ST","101001513_ST","101191452_ST","101263734_ST","100382211_ST","101220064_ST","100382220_ST","101249488_ST","101469285_ST","101349484_ST"],"promotionType":"MixMatchPricePromotion","rewardLabel":"30,00","redeemLimitLabel":"","cartLabel":null,"validUntil":null,"timesUsed":null,"qualifyingCount":2,"splashTitleText":"Kampanj","realMixAndMatch":true,"mainProductCode":"100374462_ST","conditionLabel":"Välj \u0026 blanda! 2 för","conditionLabelFormatted":"2 för","promotionRedeemLimit":null,"promotionPercentage":null,"cartLabelFormatted":"","code":"2500114902","priority":408}],"priceValue":16.9,"depositPrice":"","averageWeight":null,"comparePrice":"33,80 kr","comparePriceUnit":"l","isDrugProduct":false,"solrSearchScore":1,"energyDeclaration":null,"price":"16,90 kr","ranking":120.89699546946,"image":{"imageType":"PRIMARY","format":"product","url":"https://d2rfo6yapuixuu.cloudfront.net/hb0/hb8/13112353292318/7312690021108_1655878226758_master_axfood_300","altText":null,"galleryIndex":null,"width":null},"newsSplashProduct":false,"notAllowedB2b":false,"notAllowedAnonymous":false,"productLine2":"SIA GLASS, 0.5l","pickupProductLine2":"SIA GLASS, 0.5l","priceUnit":"kr/st","priceNoUnit":"16,90","savingsAmount":1.9,"googleAnalyticsCategory":"","gdprTrackingIncompliant":false,"showGoodPriceIcon":false,"nicotineMedicalProduct":false,"tobaccoFreeNicotineProduct":false,"nonEkoProduct":false,"tobaccoProduct":false,"labels":["swedish_flag","from_sweden","frozen"],"incrementValue":1,"productBasketType":{"code":"ST","type":"ProductBasketTypeEnum"},"manufacturer":"Sia Glass","thumbnail":{"imageType":"PRIMARY","format":"thumbnail","url":"https://d2rfo6yapuixuu.cloudfront.net/had/hbb/13112353357854/7312690021108_1655878226758_master_axfood_100","altText":null,"galleryIndex":null,"width":null},"outOfStock":false,"online":true,"displayVolume":"0.5l","addToCartDisabled":false,"code":"100374462_ST","name":"Vanilj Gräddglass"},{"potentialPromotions":[{"threshold":null,"applied":false,"campaignType":"GENERAL","promotionTheme":{"code":"Z001","visible":null},"textLabelGenerated":"","textLabelManual":null,"comparePrice":"30,00 kr","price":{"currencyIso":"SEK","value":15,"priceType":"BUY","formattedValue":"15,00 kr","minQuantity":null,"maxQuantity":null},"productCodes":["100374462_ST","101001513_ST","101191452_ST","101263734_ST","100382211_ST","101220064_ST","100382220_ST","101249488_ST","101469285_ST","101349484_ST"],"promotionType":"MixMatchPricePromotion","rewardLabel":"30,00","redeemLimitLabel":"","cartLabel":null,"validUntil":null,"timesUsed":null,"qualifyingCount":2,"splashTitleText":"Kampanj","realMixAndMatch":true,"mainProductCode":"100374462_ST","conditionLabel":"Välj \u0026 blanda! 2 för","conditionLabelFormatted":"2 för","promotionRedeemLimit":null,"promotionPercentage":null,"cartLabelFormatted":"","code":"2500114902","priority":408}],"priceValue":16.9,"depositPrice":"","averageWeight":null,"comparePrice":"33,80 kr","comparePriceUnit":"l","isDrugProduct":false,"solrSearchScore":1,"energyDeclaration":null,"price":"16,90 kr","ranking":120.89699546946,"image":{"imageType":"PRIMARY","format":"product","url":"https://d2rfo6yapuixuu.cloudfront.net/h7c/hc5/13112353619998/7312690021115_1655878229065_master_axfood_300","altText":null,"galleryIndex":null,"width":null},"newsSplashProduct":false,"notAllowedB2b":false,"notAllowedAnonymous":false,"productLine2":"SIA GLASS, 0.5l","pickupProductLine2":"SIA GLASS, 0.5l","priceUnit":"kr/st","priceNoUnit":"16,90","savingsAmount":1.9,"googleAnalyticsCategory":"","gdprTrackingIncompliant":false,"showGoodPriceIcon":false,"nicotineMedicalProduct":false,"tobaccoFreeNicotineProduct":false,"nonEkoProduct":false,"tobaccoProduct":false,"labels":["frozen"],"incrementValue":1,"productBasketType":{"code":"ST","type":"ProductBasketTypeEnum"},"manufacturer":"Sia Glass","thumbnail":{"imageType":"PRIMARY","format":"thumbnail","url":"https://d2rfo6yapuixuu.cloudfront.net/h3d/hc6/13112353685534/7312690021115_1655878229065_master_axfood_100","altText":null,"galleryIndex":null,"width":null},"outOfStock":false,"online":true,"displayVolume":"0.5l","addToCartDisabled":false,"code":"101001513_ST","name":"Choklad Gräddglass"},{"potentialPromotions":[{"threshold":null,"applied":false,"campaignType":"GENERAL","promotionTheme":{"code":"Z001","visible":null},"textLabelGenerated":"","textLabelManual":null,"comparePrice":"30,00 kr","price":{"currencyIso":"SEK","value":15,"priceType":"BUY","formattedValue":"15,00 kr","minQuantity":null,"maxQuantity":null},"productCodes":["100374462_ST","101001513_ST","101191452_ST","101263734_ST","100382211_ST","101220064_ST","100382220_ST","101249488_ST","101469285_ST","101349484_ST"],"promotionType":"MixMatchPricePromotion","rewardLabel":"30,00","redeemLimitLabel":"","cartLabel":null,"validUntil":null,"timesUsed":null,"qualifyingCount":2,"splashTitleText":"Kampanj","realMixAndMatch":true,"mainProductCode":"100374462_ST","conditionLabel":"Välj \u0026 blanda! 2 för","conditionLabelFormatted":"2 för","promotionRedeemLimit":null,"promotionPercentage":null,"cartLabelFormatted":"","code":"2500114902","priority":408}],"priceValue":16.9,"depositPrice":"","averageWeight":null,"comparePrice":"33,80 kr","comparePriceUnit":"l","isDrugProduct":false,"solrSearchScore":1,"energyDeclaration":null,"price":"16,90 kr","ranking":120.89699546946,"image":{"imageType":"PRIMARY","format":"product","url":"https://d2rfo6yapuixuu.cloudfront.net/h78/h0a/13112356241438/7312690201135_1655878246436_master_axfood_300","altText":null,"galleryIndex":null,"width":null},"newsSplashProduct":false,"notAllowedB2b":false,"notAllowedAnonymous":false,"productLine2":"SIA GLASS, 0.5l","pickupProductLine2":"SIA GLASS, 0.5l","priceUnit":"kr/st","priceNoUnit":"16,90","savingsAmount":1.9,"googleAnalyticsCategory":"","gdprTrackingIncompliant":false,"showGoodPriceIcon":false,"nicotineMedicalProduct":false,"tobaccoFreeNicotineProduct":false,"nonEkoProduct":false,"tobaccoProduct":false,"labels":["frozen"],"incrementValue":1,"productBasketType":{"code":"ST","type":"ProductBasketTypeEnum"},"manufacturer":"Sia Glass","thumbnail":{"imageType":"PRIMARY","format":"thumbnail","url":"https://d2rfo6yapuixuu.cloudfront.net/h7a/h07/13112356306974/7312690201135_1655878246436_master_axfood_100","altText":null,"galleryIndex":null,"width":null},"outOfStock":false,"online":true,"displayVolume":"0.5l","addToCartDisabled":false,"code":"101263734_ST","name":"Kola Havssalt Gräddglass"},{"potentialPromotions":[{"threshold":null,"applied":false,"campaignType":"GENERAL","promotionTheme":{"code":"Z001","visible":null},"textLabelGenerated":"","textLabelManual":null,"comparePrice":"30,00 kr","price":{"currencyIso":"SEK","value":15,"priceType":"BUY","formattedValue":"15,00 kr","minQuantity":null,"maxQuantity":null},"productCodes":["100374462_ST","101001513_ST","101191452_ST","101263734_ST","100382211_ST","101220064_ST","100382220_ST","101249488_ST","101469285_ST","101349484_ST"],"promotionType":"MixMatchPricePromotion","rewardLabel":"30,00","redeemLimitLabel":"","cartLabel":null,"validUntil":null,"timesUsed":null,"qualifyingCount":2,"splashTitleText":"Kampanj","realMixAndMatch":true,"mainProductCode":"100374462_ST","conditionLabel":"Välj \u0026 blanda! 2 för","conditionLabelFormatted":"2 för","promotionRedeemLimit":null,"promotionPercentage":null,"cartLabelFormatted":"","code":"2500114902","priority":408}],"priceValue":16.9,"depositPrice":"","averageWeight":null,"comparePrice":"33,80 kr","comparePriceUnit":"l","isDrugProduct":false,"solrSearchScore":1,"energyDeclaration":null,"price":"16,90 kr","ranking":120.89699546946,"image":{"imageType":"PRIMARY","format":"product","url":"https://d2rfo6yapuixuu.cloudfront.net/hb8/hdd/13112354275358/7312690021153_1655878233361_master_axfood_300","altText":null,"galleryIndex":null,"width":null},"newsSplashProduct":false,"notAllowedB2b":false,"notAllowedAnonymous":false,"productLine2":"SIA GLASS, 0.5l","pickupProductLine2":"SIA GLASS, 0.5l","priceUnit":"kr/st","priceNoUnit":"16,90","savingsAmount":1.9,"googleAnalyticsCategory":"","gdprTrackingIncompliant":false,"showGoodPriceIcon":false,"nicotineMedicalProduct":false,"tobaccoFreeNicotineProduct":false,"nonEkoProduct":false,"tobaccoProduct":false,"labels":["frozen"],"incrementValue":1,"productBasketType":{"code":"ST","type":"ProductBasketTypeEnum"},"manufacturer":"Sia Glass","thumbnail":{"imageType":"PRIMARY","format":"thumbnail","url":"https://d2rfo6yapuixuu.cloudfront.net/ha8/hda/13112354340894/7312690021153_1655878233361_master_axfood_100","altText":null,"galleryIndex":null,"width":null},"outOfStock":false,"online":true,"displayVolume":"0.5l","addToCartDisabled":false,"code":"101191452_ST","name":"Pecannötkola Gräddglass"},{"potentialPromotions":[{"threshold":null,"applied":false,"campaignType":"GENERAL","promotionTheme":{"code":"Z001","visible":null},"textLabelGenerated":"","textLabelManual":null,"comparePrice":"30,00 kr","price":{"currencyIso":"SEK","value":15,"priceType":"BUY","formattedValue":"15,00 kr","minQuantity":null,"maxQuantity":null},"productCodes":["100374462_ST","101001513_ST","101191452_ST","101263734_ST","100382211_ST","101220064_ST","100382220_ST","101249488_ST","101469285_ST","101349484_ST"],"promotionType":"MixMatchPricePromotion","rewardLabel":"30,00","redeemLimitLabel":"","cartLabel":null,"validUntil":null,"timesUsed":null,"qualifyingCount":2,"splashTitleText":"Kampanj","realMixAndMatch":true,"mainProductCode":"100374462_ST","conditionLabel":"Välj \u0026 blanda! 2 för","conditionLabelFormatted":"2 för","promotionRedeemLimit":null,"promotionPercentage":null,"cartLabelFormatted":"","code":"2500114902","priority":408}],"priceValue":16.9,"depositPrice":"","averageWeight":null,"comparePrice":"33,80 kr","comparePriceUnit":"l","isDrugProduct":false,"solrSearchScore":1,"energyDeclaration":null,"price":"16,90 kr","ranking":120.89699546946,"image":{"imageType":"PRIMARY","format":"product","url":"https://d2rfo6yapuixuu.cloudfront.net/h4a/hc6/13112354930718/7312690021207_1655878237730_master_axfood_300","altText":null,"galleryIndex":null,"width":null},"newsSplashProduct":false,"notAllowedB2b":false,"notAllowedAnonymous":false,"productLine2":"SIA GLASS, 0.5l","pickupProductLine2":"SIA GLASS, 0.5l","priceUnit":"kr/st","priceNoUnit":"16,90","savingsAmount":1.9,"googleAnalyticsCategory":"","gdprTrackingIncompliant":false,"showGoodPriceIcon":false,"nicotineMedicalProduct":false,"tobaccoFreeNicotineProduct":false,"nonEkoProduct":false,"tobaccoProduct":false,"labels":["swedish_flag","from_sweden","frozen"],"incrementValue":1,"productBasketType":{"code":"ST","type":"ProductBasketTypeEnum"},"manufacturer":"Sia Glass","thumbnail":{"imageType":"PRIMARY","format":"thumbnail","url":"https://d2rfo6yapuixuu.cloudfront.net/h9b/hc5/13112354996254/7312690021207_1655878237730_master_axfood_100","altText":null,"galleryIndex":null,"width":null},"outOfStock":false,"online":true,"displayVolume":"0.5l","addToCartDisabled":false,"code":"101220064_ST","name":"Saltlakrits Gräddglass"},{"potentialPromotions":[{"threshold":null,"applied":false,"campaignType":"GENERAL","promotionTheme":{"code":"Z001","visible":null},"textLabelGenerated":"","textLabelManual":null,"comparePrice":"30,00 kr","price":{"currencyIso":"SEK","value":15,"priceType":"BUY","formattedValue":"15,00 kr","minQuantity":null,"maxQuantity":null},"productCodes":["100374462_ST","101001513_ST","101191452_ST","101263734_ST","100382211_ST","101220064_ST","100382220_ST","101249488_ST","101469285_ST","101349484_ST"],"promotionType":"MixMatchPricePromotion","rewardLabel":"30,00","redeemLimitLabel":"","cartLabel":null,"validUntil":null,"timesUsed":null,"qualifyingCount":2,"splashTitleText":"Kampanj","realMixAndMatch":true,"mainProductCode":"100374462_ST","conditionLabel":"Välj \u0026 blanda! 2 för","conditionLabelFormatted":"2 för","promotionRedeemLimit":null,"promotionPercentage":null,"cartLabelFormatted":"","code":"2500114902","priority":408}],"priceValue":16.9,"depositPrice":"","averageWeight":null,"comparePrice":"33,80 kr","comparePriceUnit":"l","isDrugProduct":false,"solrSearchScore":1,"energyDeclaration":null,"price":"16,90 kr","ranking":120.89699546946,"image":{"imageType":"PRIMARY","format":"product","url":"https://d2rfo6yapuixuu.cloudfront.net/hcd/h8d/13923524149278/7312690201302_1675137322702_master_axfood_300","altText":null,"galleryIndex":null,"width":null},"newsSplashProduct":false,"notAllowedB2b":false,"notAllowedAnonymous":false,"productLine2":"SIA GLASS, 0,5l","pickupProductLine2":"SIA GLASS, 0,5l","priceUnit":"kr/st","priceNoUnit":"16,90","savingsAmount":1.9,"googleAnalyticsCategory":"","gdprTrackingIncompliant":false,"showGoodPriceIcon":false,"nicotineMedicalProduct":false,"tobaccoFreeNicotineProduct":false,"nonEkoProduct":false,"tobaccoProduct":false,"labels":["swedish_flag","from_sweden","frozen"],"incrementValue":1,"productBasketType":{"code":"ST","type":"ProductBasketTypeEnum"},"manufacturer":"Sia Glass","thumbnail":{"imageType":"PRIMARY","format":"thumbnail","url":"https://d2rfo6yapuixuu.cloudfront.net/hde/h90/13923524214814/7312690201302_1675137322702_master_axfood_100","altText":null,"galleryIndex":null,"width":null},"outOfStock":false,"online":true,"displayVolume":"0,5l","addToCartDisabled":false,"code":"101469285_ST","name":"Jordgubb Gräddglass"},{"potentialPromotions":[{"threshold":null,"applied":false,"campaignType":"GENERAL","promotionTheme":{"code":"Z001","visible":null},"textLabelGenerated":"","textLabelManual":null,"comparePrice":"30,00 kr","price":{"currencyIso":"SEK","value":15,"priceType":"BUY","formattedValue":"15,00 kr","minQuantity":null,"maxQuantity":null},"productCodes":["100374462_ST","101001513_ST","101191452_ST","101263734_ST","100382211_ST","101220064_ST","100382220_ST","101249488_ST","101469285_ST","101349484_ST"],"promotionType":"MixMatchPricePromotion","rewardLabel":"30,00","redeemLimitLabel":"","cartLabel":null,"validUntil":null,"timesUsed":null,"qualifyingCount":2,"splashTitleText":"Kampanj","realMixAndMatch":true,"mainProductCode":"100374462_ST","conditionLabel":"Välj \u0026 blanda! 2 för","conditionLabelFormatted":"2 för","promotionRedeemLimit":null,"promotionPercentage":null,"cartLabelFormatted":"","code":"2500114902","priority":408}],"priceValue":16.9,"depositPrice":"","averageWeight":null,"comparePrice":"33,80 kr","comparePriceUnit":"l","isDrugProduct":false,"solrSearchScore":1,"energyDeclaration":null,"price":"16,90 kr","ranking":120.89699546946,"image":{"imageType":"PRIMARY","format":"product","url":"https://d2rfo6yapuixuu.cloudfront.net/h0b/hd0/13112353947678/7312690021146_1655878231228_master_axfood_300","altText":null,"galleryIndex":null,"width":null},"newsSplashProduct":false,"notAllowedB2b":false,"notAllowedAnonymous":false,"productLine2":"SIA GLASS, 0.5l","pickupProductLine2":"SIA GLASS, 0.5l","priceUnit":"kr/st","priceNoUnit":"16,90","savingsAmount":1.9,"googleAnalyticsCategory":"","gdprTrackingIncompliant":false,"showGoodPriceIcon":false,"nicotineMedicalProduct":false,"tobaccoFreeNicotineProduct":false,"nonEkoProduct":false,"tobaccoProduct":false,"labels":["swedish_flag","from_sweden","frozen"],"incrementValue":1,"productBasketType":{"code":"ST","type":"ProductBasketTypeEnum"},"manufacturer":"Sia Glass","thumbnail":{"imageType":"PRIMARY","format":"thumbnail","url":"https://d2rfo6yapuixuu.cloudfront.net/h37/he5/13112354013214/7312690021146_1655878231228_master_axfood_100","altText":null,"galleryIndex":null,"width":null},"outOfStock":false,"online":true,"displayVolume":"0.5l","addToCartDisabled":false,"code":"100382211_ST","name":"Wienernougat Gräddglass"},{"potentialPromotions":[{"threshold":null,"applied":false,"campaignType":"GENERAL","promotionTheme":{"code":"Z001","visible":null},"textLabelGenerated":"","textLabelManual":null,"comparePrice":"30,00 kr","price":{"currencyIso":"SEK","value":15,"priceType":"BUY","formattedValue":"15,00 kr","minQuantity":null,"maxQuantity":null},"productCodes":["100374462_ST","101001513_ST","101191452_ST","101263734_ST","100382211_ST","101220064_ST","100382220_ST","101249488_ST","101469285_ST","101349484_ST"],"promotionType":"MixMatchPricePromotion","rewardLabel":"30,00","redeemLimitLabel":"","cartLabel":null,"validUntil":null,"timesUsed":null,"qualifyingCount":2,"splashTitleText":"Kampanj","realMixAndMatch":true,"mainProductCode":"100374462_ST","conditionLabel":"Välj \u0026 blanda! 2 för","conditionLabelFormatted":"2 för","promotionRedeemLimit":null,"promotionPercentage":null,"cartLabelFormatted":"","code":"2500114902","priority":408}],"priceValue":16.9,"depositPrice":"","averageWeight":null,"comparePrice":"33,80 kr","comparePriceUnit":"l","isDrugProduct":false,"solrSearchScore":1,"energyDeclaration":null,"price":"16,90 kr","ranking":120.89699546946,"image":{"imageType":"PRIMARY","format":"product","url":"https://d2rfo6yapuixuu.cloudfront.net/h22/h74/13112355258398/7312690021320_1655878239957_master_axfood_300","altText":null,"galleryIndex":null,"width":null},"newsSplashProduct":false,"notAllowedB2b":false,"notAllowedAnonymous":false,"productLine2":"SIA GLASS, 0.5l","pickupProductLine2":"SIA GLASS, 0.5l","priceUnit":"kr/st","priceNoUnit":"16,90","savingsAmount":1.9,"googleAnalyticsCategory":"","gdprTrackingIncompliant":false,"showGoodPriceIcon":false,"nicotineMedicalProduct":false,"tobaccoFreeNicotineProduct":false,"nonEkoProduct":false,"tobaccoProduct":false,"labels":["frozen"],"incrementValue":1,"productBasketType":{"code":"ST","type":"ProductBasketTypeEnum"},"manufacturer":"Sia Glass","thumbnail":{"imageType":"PRIMARY","format":"thumbnail","url":"https://d2rfo6yapuixuu.cloudfront.net/h11/h71/13112355323934/7312690021320_1655878239957_master_axfood_100","altText":null,"galleryIndex":null,"width":null},"outOfStock":false,"online":true,"displayVolume":"0.5l","addToCartDisabled":false,"code":"101249488_ST","name":"Vit Choklad Gräddglass"},{"potentialPromotions":[{"threshold":null,"applied":false,"campaignType":"GENERAL","promotionTheme":{"code":"Z001","visible":null},"textLabelGenerated":"","textLabelManual":null,"comparePrice":"30,00 kr","price":{"currencyIso":"SEK","value":15,"priceType":"BUY","formattedValue":"15,00 kr","minQuantity":null,"maxQuantity":null},"productCodes":["100374462_ST","101001513_ST","101191452_ST","101263734_ST","100382211_ST","101220064_ST","100382220_ST","101249488_ST","101469285_ST","101349484_ST"],"promotionType":"MixMatchPricePromotion","rewardLabel":"30,00","redeemLimitLabel":"","cartLabel":null,"validUntil":null,"timesUsed":null,"qualifyingCount":2,"splashTitleText":"Kampanj","realMixAndMatch":true,"mainProductCode":"100374462_ST","conditionLabel":"Välj \u0026 blanda! 2 för","conditionLabelFormatted":"2 för","promotionRedeemLimit":null,"promotionPercentage":null,"cartLabelFormatted":"","code":"2500114902","priority":408}],"priceValue":16.9,"depositPrice":"","averageWeight":null,"comparePrice":"33,80 kr","comparePriceUnit":"l","isDrugProduct":false,"solrSearchScore":1,"energyDeclaration":null,"price":"16,90 kr","ranking":120.89699546946,"image":{"imageType":"PRIMARY","format":"product","url":"https://d2rfo6yapuixuu.cloudfront.net/hd9/hd0/13112354603038/7312690021184_1655878235592_master_axfood_300","altText":null,"galleryIndex":null,"width":null},"newsSplashProduct":false,"notAllowedB2b":false,"notAllowedAnonymous":false,"productLine2":"SIA GLASS, 0.5l","pickupProductLine2":"SIA GLASS, 0.5l","priceUnit":"kr/st","priceNoUnit":"16,90","savingsAmount":1.9,"googleAnalyticsCategory":"","gdprTrackingIncompliant":false,"showGoodPriceIcon":false,"nicotineMedicalProduct":false,"tobaccoFreeNicotineProduct":false,"nonEkoProduct":false,"tobaccoProduct":false,"labels":["swedish_flag","from_sweden","frozen"],"incrementValue":1,"productBasketType":{"code":"ST","type":"ProductBasketTypeEnum"},"manufacturer":"Sia Glass","thumbnail":{"imageType":"PRIMARY","format":"thumbnail","url":"https://d2rfo6yapuixuu.cloudfront.net/h2b/hd0/13112354668574/7312690021184_1655878235592_master_axfood_100","altText":null,"galleryIndex":null,"width":null},"outOfStock":false,"online":true,"displayVolume":"0.5l","addToCartDisabled":false,"code":"100382220_ST","name":"Punsch Russin Gräddglass"},{"potentialPromotions":[{"threshold":null,"applied":false,"campaignType":"GENERAL","promotionTheme":{"code":"Z001","visible":null},"textLabelGenerated":"","textLabelManual":null,"comparePrice":"30,00 kr","price":{"currencyIso":"SEK","value":15,"priceType":"BUY","formattedValue":"15,00 kr","minQuantity":null,"maxQuantity":null},"productCodes":["100374462_ST","101001513_ST","101191452_ST","101263734_ST","100382211_ST","101220064_ST","100382220_ST","101249488_ST","101469285_ST","101349484_ST"],"promotionType":"MixMatchPricePromotion","rewardLabel":"30,00","redeemLimitLabel":"","cartLabel":null,"validUntil":null,"timesUsed":null,"qualifyingCount":2,"splashTitleText":"Kampanj","realMixAndMatch":true,"mainProductCode":"100374462_ST","conditionLabel":"Välj \u0026 blanda! 2 för","conditionLabelFormatted":"2 för","promotionRedeemLimit":null,"promotionPercentage":null,"cartLabelFormatted":"","code":"2500114902","priority":408}],"priceValue":16.9,"depositPrice":"","averageWeight":null,"comparePrice":"33,80 kr","comparePriceUnit":"l","isDrugProduct":false,"solrSearchScore":1,"energyDeclaration":null,"price":"16,90 kr","ranking":120.89699546946,"image":{"imageType":"PRIMARY","format":"product","url":"https://d2rfo6yapuixuu.cloudfront.net/h93/h0a/13112356896798/7312690201265_1655878250821_master_axfood_300","altText":null,"galleryIndex":null,"width":null},"newsSplashProduct":false,"notAllowedB2b":false,"notAllowedAnonymous":false,"productLine2":"SIA GLASS, 0,5l","pickupProductLine2":"SIA GLASS, 0,5l","priceUnit":"kr/st","priceNoUnit":"16,90","savingsAmount":1.9,"googleAnalyticsCategory":"","gdprTrackingIncompliant":false,"showGoodPriceIcon":false,"nicotineMedicalProduct":false,"tobaccoFreeNicotineProduct":false,"nonEkoProduct":false,"tobaccoProduct":false,"labels":["swedish_flag","from_sweden","frozen"],"incrementValue":1,"productBasketType":{"code":"ST","type":"ProductBasketTypeEnum"},"manufacturer":"Sia Glass","thumbnail":{"imageType":"PRIMARY","format":"thumbnail","url":"https://d2rfo6yapuixuu.cloudfront.net/ha4/h0d/13112356962334/7312690201265_1655878250821_master_axfood_100","altText":null,"galleryIndex":null,"width":null},"outOfStock":false,"online":true,"displayVolume":"0,5l","addToCartDisabled":false,"code":"101349484_ST","name":"Chokladboll Gräddglass"},{"potentialPromotions":[{"threshold":null,"applied":false,"campaignType":"GENERAL","promotionTheme":{"code":"Z062","visible":null},"textLabelGenerated":"","textLabelManual":null,"comparePrice":"127,60 kr","price":{"currencyIso":"SEK","value":31.9,"priceType":"BUY","formattedValue":"31,90 kr","minQuantity":null,"maxQuantity":null},"productCodes":["101358847_ST"],"promotionType":"MixMatchPricePromotion","rewardLabel":"31,90/st","redeemLimitLabel":"","cartLabel":null,"validUntil":null,"timesUsed":null,"qualifyingCount":1,"splashTitleText":"","realMixAndMatch":false,"mainProductCode":"101358847_ST","conditionLabel":"Spara 8,00 kr/st","conditionLabelFormatted":"","promotionRedeemLimit":null,"promotionPercentage":null,"cartLabelFormatted":"","code":"2500113219","priority":408}],"priceValue":39.9,"depositPrice":"","averageWeight":null,"comparePrice":"159,60 kr","comparePriceUnit":"kg","isDrugProduct":false,"solrSearchScore":1,"energyDeclaration":null,"price":"39,90 kr","ranking":120.89299971682,"image":{"imageType":"PRIMARY","format":"product","url":"https://d2rfo6yapuixuu.cloudfront.net/h9a/h17/14340022534174/axfood_300_null","altText":null,"galleryIndex":null,"width":null},"newsSplashProduct":false,"notAllowedB2b":false,"notAllowedAnonymous":false,"productLine2":"ODENSE, 250g","pickupProductLine2":"ODENSE, 250g","priceUnit":"kr/st","priceNoUnit":"39,90","savingsAmount":8,"googleAnalyticsCategory":"","gdprTrackingIncompliant":false,"showGoodPriceIcon":false,"nicotineMedicalProduct":false,"tobaccoFreeNicotineProduct":false,"nonEkoProduct":false,"tobaccoProduct":false,"labels":["rainforest_alliance","environmental_facet"],"incrementValue":1,"productBasketType":{"code":"ST","type":"ProductBasketTypeEnum"},"manufacturer":"Odense","thumbnail":{"imageType":"PRIMARY","format":"thumbnail","url":"https://d2rfo6yapuixuu.cloudfront.net/h48/h18/14340022599710/axfood_100_null","altText":null,"galleryIndex":null,"width":null},"outOfStock":false,"online":true,"displayVolume":"250g","addToCartDisabled":false,"code":"101358847_ST","name":"Nougatsås"},{"potentialPromotions":[{"threshold":null,"applied":false,"campaignType":"GENERAL","promotionTheme":{"code":"Z062","visible":null},"textLabelGenerated":"","textLabelManual":null,"comparePrice":"91,60 kr","price":{"currencyIso":"SEK","value":22.9,"priceType":"BUY","formattedValue":"22,90 kr","minQuantity":null,"maxQuantity":null},"productCodes":["101335651_ST","101335652_ST","101354511_ST"],"promotionType":"MixMatchPricePromotion","rewardLabel":"22,90/st","redeemLimitLabel":"","cartLabel":null,"validUntil":null,"timesUsed":null,"qualifyingCount":1,"splashTitleText":"","realMixAndMatch":false,"mainProductCode":"101335651_ST","conditionLabel":"Spara 3,00 kr/st","conditionLabelFormatted":"","promotionRedeemLimit":null,"promotionPercentage":null,"cartLabelFormatted":"","code":"2500113218","priority":408}],"priceValue":25.9,"depositPrice":"","averageWeight":null,"comparePrice":"103,60 kr","comparePriceUnit":"kg","isDrugProduct":false,"solrSearchScore":1,"energyDeclaration":null,"price":"25,90 kr","ranking":120.89299838914,"image":{"imageType":"PRIMARY","format":"product","url":"https://d2rfo6yapuixuu.cloudfront.net/h32/hf4/12419839295518/5709521044290_1640174731372_master_axfood_300","altText":null,"galleryIndex":null,"width":null},"newsSplashProduct":false,"notAllowedB2b":false,"notAllowedAnonymous":false,"productLine2":"ODENSE, 250g","pickupProductLine2":"ODENSE, 250g","priceUnit":"kr/st","priceNoUnit":"25,90","savingsAmount":3,"googleAnalyticsCategory":"","gdprTrackingIncompliant":false,"showGoodPriceIcon":false,"nicotineMedicalProduct":false,"tobaccoFreeNicotineProduct":false,"nonEkoProduct":false,"tobaccoProduct":false,"labels":[],"incrementValue":1,"productBasketType":{"code":"ST","type":"ProductBasketTypeEnum"},"manufacturer":"Odense","thumbnail":{"imageType":"PRIMARY","format":"thumbnail","url":"https://d2rfo6yapuixuu.cloudfront.net/h21/hf1/12419839361054/5709521044290_1640174731372_master_axfood_100","altText":null,"galleryIndex":null,"width":null},"outOfStock":false,"online":true,"displayVolume":"250g","addToCartDisabled":false,"code":"101335652_ST","name":"Kolasås"},{"potentialPromotions":[{"threshold":null,"applied":false,"campaignType":"GENERAL","promotionTheme":{"code":"Z062","visible":null},"textLabelGenerated":"","textLabelManual":null,"comparePrice":"91,60 kr","price":{"currencyIso":"SEK","value":22.9,"priceType":"BUY","formattedValue":"22,90 kr","minQuantity":null,"maxQuantity":null},"productCodes":["101335651_ST","101335652_ST","101354511_ST"],"promotionType":"MixMatchPricePromotion","rewardLabel":"22,90/st","redeemLimitLabel":"","cartLabel":null,"validUntil":null,"timesUsed":null,"qualifyingCount":1,"splashTitleText":"","realMixAndMatch":false,"mainProductCode":"101335651_ST","conditionLabel":"Spara 3,00 kr/st","conditionLabelFormatted":"","promotionRedeemLimit":null,"promotionPercentage":null,"cartLabelFormatted":"","code":"2500113218","priority":408}],"priceValue":25.9,"depositPrice":"","averageWeight":null,"comparePrice":"103,60 kr","comparePriceUnit":"kg","isDrugProduct":false,"solrSearchScore":1,"energyDeclaration":null,"price":"25,90 kr","ranking":120.89299838914,"image":{"imageType":"PRIMARY","format":"product","url":"https://d2rfo6yapuixuu.cloudfront.net/h02/h63/13418283139102/5709521044269_1663752960226_master_axfood_300","altText":null,"galleryIndex":null,"width":null},"newsSplashProduct":false,"notAllowedB2b":false,"notAllowedAnonymous":false,"productLine2":"ODENSE, 250g","pickupProductLine2":"ODENSE, 250g","priceUnit":"kr/st","priceNoUnit":"25,90","savingsAmount":3,"googleAnalyticsCategory":"","gdprTrackingIncompliant":false,"showGoodPriceIcon":false,"nicotineMedicalProduct":false,"tobaccoFreeNicotineProduct":false,"nonEkoProduct":false,"tobaccoProduct":false,"labels":["rainforest_alliance","environmental_facet"],"incrementValue":1,"productBasketType":{"code":"ST","type":"ProductBasketTypeEnum"},"manufacturer":"Odense","thumbnail":{"imageType":"PRIMARY","format":"thumbnail","url":"https://d2rfo6yapuixuu.cloudfront.net/hf2/h5f/13418283204638/5709521044269_1663752960226_master_axfood_100","altText":null,"galleryIndex":null,"width":null},"outOfStock":false,"online":true,"displayVolume":"250g","addToCartDisabled":false,"code":"101335651_ST","name":"Chokladsås"},{"potentialPromotions":[{"threshold":null,"applied":false,"campaignType":"GENERAL","promotionTheme":{"code":"Z062","visible":null},"textLabelGenerated":"","textLabelManual":null,"comparePrice":"91,60 kr","price":{"currencyIso":"SEK","value":22.9,"priceType":"BUY","formattedValue":"22,90 kr","minQuantity":null,"maxQuantity":null},"productCodes":["101335651_ST","101335652_ST","101354511_ST"],"promotionType":"MixMatchPricePromotion","rewardLabel":"22,90/st","redeemLimitLabel":"","cartLabel":null,"validUntil":null,"timesUsed":null,"qualifyingCount":1,"splashTitleText":"","realMixAndMatch":false,"mainProductCode":"101335651_ST","conditionLabel":"Spara 3,00 kr/st","conditionLabelFormatted":"","promotionRedeemLimit":null,"promotionPercentage":null,"cartLabelFormatted":"","code":"2500113218","priority":408}],"priceValue":25.9,"depositPrice":"","averageWeight":null,"comparePrice":"103,60 kr","comparePriceUnit":"kg","isDrugProduct":false,"solrSearchScore":1,"energyDeclaration":null,"price":"25,90 kr","ranking":120.89299838914,"image":{"imageType":"PRIMARY","format":"product","url":"https://d2rfo6yapuixuu.cloudfront.net/h30/h15/12314505510942/5709521046409_1637790037065_master_axfood_300","altText":null,"galleryIndex":null,"width":null},"newsSplashProduct":false,"notAllowedB2b":false,"notAllowedAnonymous":false,"productLine2":"ODENSE, 250g","pickupProductLine2":"ODENSE, 250g","priceUnit":"kr/st","priceNoUnit":"25,90","savingsAmount":3,"googleAnalyticsCategory":"","gdprTrackingIncompliant":false,"showGoodPriceIcon":false,"nicotineMedicalProduct":false,"tobaccoFreeNicotineProduct":false,"nonEkoProduct":false,"tobaccoProduct":false,"labels":["rainforest_alliance","environmental_facet"],"incrementValue":1,"productBasketType":{"code":"ST","type":"ProductBasketTypeEnum"},"manufacturer":"Odense","thumbnail":{"imageType":"PRIMARY","format":"thumbnail","url":"https://d2rfo6yapuixuu.cloudfront.net/h82/h14/12314505576478/5709521046409_1637790037065_master_axfood_100","altText":null,"galleryIndex":null,"width":null},"outOfStock":false,"online":true,"displayVolume":"250g","addToCartDisabled":false,"code":"101354511_ST","name":"Vit Chokladsås"},{"potentialPromotions":[{"threshold":null,"applied":false,"campaignType":"GENERAL","promotionTheme":{"code":"Z062","visible":null},"textLabelGenerated":"","textLabelManual":null,"comparePrice":"104,91 kr","price":{"currencyIso":"SEK","value":29.9,"priceType":"BUY","formattedValue":"29,90 kr","minQuantity":null,"maxQuantity":null},"productCodes":["101346063_ST"],"promotionType":"MixMatchPricePromotion","rewardLabel":"29,90/st","redeemLimitLabel":"","cartLabel":null,"validUntil":null,"timesUsed":null,"qualifyingCount":1,"splashTitleText":"","realMixAndMatch":false,"mainProductCode":"101346063_ST","conditionLabel":"Spara 6,00 kr/st","conditionLabelFormatted":"","promotionRedeemLimit":null,"promotionPercentage":null,"cartLabelFormatted":"","code":"2500113249","priority":408}],"priceValue":35.9,"depositPrice":"","averageWeight":null,"comparePrice":"125,97 kr","comparePriceUnit":"kg","isDrugProduct":false,"solrSearchScore":1,"energyDeclaration":null,"price":"35,90 kr","ranking":120.88399742402,"image":{"imageType":"PRIMARY","format":"product","url":"https://d2rfo6yapuixuu.cloudfront.net/h54/h24/11783435911198/7340005406227_1623185145366_master_axfood_300","altText":null,"galleryIndex":null,"width":null},"newsSplashProduct":false,"notAllowedB2b":false,"notAllowedAnonymous":false,"productLine2":"OLW, 285g","pickupProductLine2":"OLW, 285g","priceUnit":"kr/st","priceNoUnit":"35,90","savingsAmount":6,"googleAnalyticsCategory":"","gdprTrackingIncompliant":false,"showGoodPriceIcon":false,"nicotineMedicalProduct":false,"tobaccoFreeNicotineProduct":false,"nonEkoProduct":false,"tobaccoProduct":false,"labels":[],"incrementValue":1,"productBasketType":{"code":"ST","type":"ProductBasketTypeEnum"},"manufacturer":"Olw","thumbnail":{"imageType":"PRIMARY","format":"thumbnail","url":"https://d2rfo6yapuixuu.cloudfront.net/ha7/h23/11783435976734/7340005406227_1623185145366_master_axfood_100","altText":null,"galleryIndex":null,"width":null},"outOfStock":false,"online":true,"displayVolume":"285g","addToCartDisabled":false,"code":"101346063_ST","name":"Cheez Doodles"},{"potentialPromotions":[{"threshold":null,"applied":false,"campaignType":"GENERAL","promotionTheme":{"code":"Z062","visible":null},"textLabelGenerated":"","textLabelManual":null,"comparePrice":"137,25 kr","price":{"currencyIso":"SEK","value":54.9,"priceType":"BUY","formattedValue":"54,90 kr","minQuantity":null,"maxQuantity":null},"productCodes":["101282221_ST"],"promotionType":"MixMatchPricePromotion","rewardLabel":"54,90/st","redeemLimitLabel":"","cartLabel":null,"validUntil":null,"timesUsed":null,"qualifyingCount":1,"splashTitleText":"","realMixAndMatch":false,"mainProductCode":"101282221_ST","conditionLabel":"Spara 12,00 kr/st","conditionLabelFormatted":"","promotionRedeemLimit":null,"promotionPercentage":null,"cartLabelFormatted":"","code":"2500113285","priority":408}],"priceValue":66.9,"depositPrice":"","averageWeight":null,"comparePrice":"167,25 kr","comparePriceUnit":"kg","isDrugProduct":false,"solrSearchScore":1,"energyDeclaration":null,"price":"66,90 kr","ranking":120.8839965821,"image":{"imageType":"PRIMARY","format":"product","url":"https://d2rfo6yapuixuu.cloudfront.net/he6/hb1/9217540292638/7340083468445_1535631638703_master_axfood_300","altText":null,"galleryIndex":null,"width":null},"newsSplashProduct":false,"notAllowedB2b":false,"notAllowedAnonymous":false,"productLine2":"ELDORADO, 400g","pickupProductLine2":"ELDORADO, 400g","priceUnit":"kr/st","priceNoUnit":"66,90","savingsAmount":12,"googleAnalyticsCategory":"","gdprTrackingIncompliant":false,"showGoodPriceIcon":false,"nicotineMedicalProduct":false,"tobaccoFreeNicotineProduct":false,"nonEkoProduct":false,"tobaccoProduct":false,"labels":[],"incrementValue":1,"productBasketType":{"code":"ST","type":"ProductBasketTypeEnum"},"manufacturer":"Eldorado","thumbnail":{"imageType":"PRIMARY","format":"thumbnail","url":"https://d2rfo6yapuixuu.cloudfront.net/he8/hae/9217540358174/7340083468445_1535631638703_master_axfood_100","altText":null,"galleryIndex":null,"width":null},"outOfStock":false,"online":true,"displayVolume":"400g","addToCartDisabled":false,"code":"101282221_ST","name":"Cashew Naturell"},{"potentialPromotions":[{"threshold":null,"applied":false,"campaignType":"GENERAL","promotionTheme":{"code":"Z060","visible":null},"textLabelGenerated":"","textLabelManual":null,"comparePrice":"71,43 kr","price":{"currencyIso":"SEK","value":12.5,"priceType":"BUY","formattedValue":"12,50 kr","minQuantity":null,"maxQuantity":null},"productCodes":["101235709_ST"],"promotionType":"MixMatchPricePromotion","rewardLabel":"25,00","redeemLimitLabel":"Max 3 köp","cartLabel":null,"validUntil":null,"timesUsed":null,"qualifyingCount":2,"splashTitleText":"Kampanj","realMixAndMatch":true,"mainProductCode":"101235709_ST","conditionLabel":"Välj \u0026 blanda! 2 för","conditionLabelFormatted":"2 för","promotionRedeemLimit":null,"promotionPercentage":null,"cartLabelFormatted":"","code":"2500113743","priority":408}],"priceValue":23.9,"depositPrice":"","averageWeight":null,"comparePrice":"136,57 kr","comparePriceUnit":"kg","isDrugProduct":false,"solrSearchScore":1,"energyDeclaration":null,"price":"23,90 kr","ranking":120.88399562658,"image":{"imageType":"PRIMARY","format":"product","url":"https://d2rfo6yapuixuu.cloudfront.net/h08/h80/12269383057438/7340005403547_1636559783083_master_axfood_300","altText":null,"galleryIndex":null,"width":null},"newsSplashProduct":false,"notAllowedB2b":false,"notAllowedAnonymous":false,"productLine2":"OLW, 175g","pickupProductLine2":"OLW, 175g","priceUnit":"kr/st","priceNoUnit":"23,90","savingsAmount":11.4,"googleAnalyticsCategory":"","gdprTrackingIncompliant":false,"showGoodPriceIcon":false,"nicotineMedicalProduct":false,"tobaccoFreeNicotineProduct":false,"nonEkoProduct":false,"tobaccoProduct":false,"labels":[],"incrementValue":1,"productBasketType":{"code":"ST","type":"ProductBasketTypeEnum"},"manufacturer":"Olw","thumbnail":{"imageType":"PRIMARY","format":"thumbnail","url":"https://d2rfo6yapuixuu.cloudfront.net/h18/h83/12269383122974/7340005403547_1636559783083_master_axfood_100","altText":null,"galleryIndex":null,"width":null},"outOfStock":false,"online":true,"displayVolume":"175g","addToCartDisabled":false,"code":"101235709_ST","name":"Sourcream Onion Chips"},{"potentialPromotions":[{"threshold":null,"applied":false,"campaignType":"GENERAL","promotionTheme":{"code":"Z062","visible":null},"textLabelGenerated":"","textLabelManual":null,"comparePrice":"120,00 kr","price":{"currencyIso":"SEK","value":6,"priceType":"BUY","formattedValue":"6,00 kr","minQuantity":null,"maxQuantity":null},"productCodes":["101207210_ST","100271554_ST","100907119_ST","101207249_ST","101347421_ST","101241282_ST","101292225_ST"],"promotionType":"MixMatchPricePromotion","rewardLabel":"18,00","redeemLimitLabel":"","cartLabel":null,"validUntil":null,"timesUsed":null,"qualifyingCount":3,"splashTitleText":"","realMixAndMatch":true,"mainProductCode":"101207210_ST","conditionLabel":"Välj \u0026 blanda! 3 för","conditionLabelFormatted":"3 för","promotionRedeemLimit":null,"promotionPercentage":null,"cartLabelFormatted":"","code":"2500113349","priority":408}],"priceValue":7.5,"depositPrice":"","averageWeight":null,"comparePrice":"150,00 kr","comparePriceUnit":"kg","isDrugProduct":false,"solrSearchScore":1,"energyDeclaration":null,"price":"7,50 kr","ranking":120.8829947285,"image":{"imageType":"PRIMARY","format":"product","url":"https://d2rfo6yapuixuu.cloudfront.net/h61/h73/13590665166878/5000159461122_1667830864704_master_axfood_300","altText":null,"galleryIndex":null,"width":null},"newsSplashProduct":false,"notAllowedB2b":false,"notAllowedAnonymous":false,"productLine2":"SNICKERS, 50g","pickupProductLine2":"SNICKERS, 50g","priceUnit":"kr/st","priceNoUnit":"7,50","savingsAmount":1.5,"googleAnalyticsCategory":"","gdprTrackingIncompliant":false,"showGoodPriceIcon":false,"nicotineMedicalProduct":false,"tobaccoFreeNicotineProduct":false,"nonEkoProduct":false,"tobaccoProduct":false,"labels":[],"incrementValue":1,"productBasketType":{"code":"ST","type":"ProductBasketTypeEnum"},"manufacturer":"Snickers","thumbnail":{"imageType":"PRIMARY","format":"thumbnail","url":"https://d2rfo6yapuixuu.cloudfront.net/h50/h70/13590665232414/5000159461122_1667830864704_master_axfood_100","altText":null,"galleryIndex":null,"width":null},"outOfStock":false,"online":true,"displayVolume":"50g","addToCartDisabled":false,"code":"101207210_ST","name":"Snickers Chokladbit"}],"sorts":[{"code":"topRated","name":"Populärast","selected":true},{"code":"name-asc","name":"A – Ö","selected":false},{"code":"name-desc","name":"Ö – A","selected":false},{"code":"price-asc","name":"Pris (Billigast - Dyrast)","selected":false},{"code":"price-desc","name":"Pris (Dyrast - Billigast)","selected":false},{"code":"compareprice-asc","name":"Jämförpris (Billigast - Dyrast)","selected":false},{"code":"compareprice-desc","name":"Jämförpris (Dyrast - Billigast)","selected":false}],"pagination":{"pageSize":30,"currentPage":0,"sort":"topRated","numberOfPages":32,"totalNumberOfResults":935,"allProductsInCategoriesCount":935,"allProductsInSearchCount":0},"relatedResults":null,"relatedResultsPagination":null,"currentQuery":null,"breadcrumbs":[],"facets":[{"code":"commercialName2","name":"commercialName2","priority":-400,"category":false,"multiSelect":true,"visible":true,"topValues":null,"values":[{"code":"2640","name":"2640","count":2,"query":{"url":"glass-godis-och-snacks?q=%3AtopRated%3AcommercialName2%3A2640","query":{"value":":topRated:commercialName2:2640","filterQueries":[],"searchQueryContext":null,"searchType":null}},"selected":false},{"code":"Ahlgrens Bilar","name":"Ahlgrens Bilar","count":4,"query":{"url":"glass-godis-och-snacks?q=%3AtopRated%3AcommercialName2%3AAhlgrens%2BBilar","query":{"value":":topRated:commercialName2:Ahlgrens+Bilar","filterQueries":[],"searchQueryContext":null,"searchType":null}},"selected":false},{"code":"Alvestaglass","name":"Alvestaglass","count":8,"query":{"url":"glass-godis-och-snacks?q=%3AtopRated%3AcommercialName2%3AAlvestaglass","query":{"value":":topRated:commercialName2:Alvestaglass","filterQueries":[],"searchQueryContext":null,"searchType":null}},"selected":false},{"code":"Anthon Berg","name":"Anthon Berg","count":7,"query":{"url":"glass-godis-och-snacks?q=%3AtopRated%3AcommercialName2%3AAnthon%2BBerg","query":{"value":":topRated:commercialName2:Anthon+Berg","filterQueries":[],"searchQueryContext":null,"searchType":null}},"selected":false},{"code":"Anyday Nuts","name":"Anyday Nuts","count":1,"query":{"url":"glass-godis-och-snacks?q=%3AtopRated%3AcommercialName2%3AAnyday%2BNuts","query":{"value":":topRated:commercialName2:Anyday+Nuts","filterQueries":[],"searchQueryContext":null,"searchType":null}},"selected":false},{"code":"Apollo","name":"Apollo","count":1,"query":{"url":"glass-godis-och-snacks?q=%3AtopRated%3AcommercialName2%3AApollo","query":{"value":":topRated:commercialName2:Apollo","filterQueries":[],"searchQueryContext":null,"searchType":null}},"selected":false},{"code":"Aroma","name":"Aroma","count":6,"query":{"url":"glass-godis-och-snacks?q=%3AtopRated%3AcommercialName2%3AAroma","query":{"value":":topRated:commercialName2:Aroma","filterQueries":[],"searchQueryContext":null,"searchType":null}},"selected":false},{"code":"Asba","name":"Asba","count":2,"query":{"url":"glass-godis-och-snacks?q=%3AtopRated%3AcommercialName2%3AAsba","query":{"value":":topRated:commercialName2:Asba","filterQueries":[],"searchQueryContext":null,"searchType":null}},"selected":false},{"code":"Bassett's","name":"Bassett's","count":1,"query":{"url":"glass-godis-och-snacks?q=%3AtopRated%3AcommercialName2%3ABassett%2527s","query":{"value":":topRated:commercialName2:Bassett%27s","filterQueries":[],"searchQueryContext":null,"searchType":null}},"selected":false},{"code":"Belgidor","name":"Belgidor","count":1,"query":{"url":"glass-godis-och-snacks?q=%3AtopRated%3AcommercialName2%3ABelgidor","query":{"value":":topRated:commercialName2:Belgidor","filterQueries":[],"searchQueryContext":null,"searchType":null}},"selected":false},{"code":"Ben \u0026 Jerry's","name":"Ben \u0026 Jerry's","count":16,"query":{"url":"glass-godis-och-snacks?q=%3AtopRated%3AcommercialName2%3ABen%2B%2526%2BJerry%2527s","query":{"value":":topRated:commercialName2:Ben+%26+Jerry%27s","filterQueries":[],"searchQueryContext":null,"searchType":null}},"selected":false},{"code":"Besana","name":"Besana","count":1,"query":{"url":"glass-godis-och-snacks?q=%3AtopRated%3AcommercialName2%3ABesana","query":{"value":":topRated:commercialName2:Besana","filterQueries":[],"searchQueryContext":null,"searchType":null}},"selected":false},{"code":"Bjärechips","name":"Bjärechips","count":4,"query":{"url":"glass-godis-och-snacks?q=%3AtopRated%3AcommercialName2%3ABj%25C3%25A4rechips","query":{"value":":topRated:commercialName2:Bj%C3%A4rechips","filterQueries":[],"searchQueryContext":null,"searchType":null}},"selected":false},{"code":"Blockhead","name":"Blockhead","count":3,"query":{"url":"glass-godis-och-snacks?q=%3AtopRated%3AcommercialName2%3ABlockhead","query":{"value":":topRated:commercialName2:Blockhead","filterQueries":[],"searchQueryContext":null,"searchType":null}},"selected":false},{"code":"Bolero","name":"Bolero","count":1,"query":{"url":"glass-godis-och-snacks?q=%3AtopRated%3AcommercialName2%3ABolero","query":{"value":":topRated:commercialName2:Bolero","filterQueries":[],"searchQueryContext":null,"searchType":null}},"selected":false},{"code":"Bonnie Lee","name":"Bonnie Lee","count":1,"query":{"url":"glass-godis-och-snacks?q=%3AtopRated%3AcommercialName2%3ABonnie%2BLee","query":{"value":":topRated:commercialName2:Bonnie+Lee","filterQueries":[],"searchQueryContext":null,"searchType":null}},"selected":false},{"code":"Bounty","name":"Bounty","count":1,"query":{"url":"glass-godis-och-snacks?q=%3AtopRated%3AcommercialName2%3ABounty","query":{"value":":topRated:commercialName2:Bounty","filterQueries":[],"searchQueryContext":null,"searchType":null}},"selected":false},{"code":"Bubs","name":"Bubs","count":6,"query":{"url":"glass-godis-och-snacks?q=%3AtopRated%3AcommercialName2%3ABubs","query":{"value":":topRated:commercialName2:Bubs","filterQueries":[],"searchQueryContext":null,"searchType":null}},"selected":false},{"code":"Candy People","name":"Candy People","count":10,"query":{"url":"glass-godis-och-snacks?q=%3AtopRated%3AcommercialName2%3ACandy%2BPeople","query":{"value":":topRated:commercialName2:Candy+People","filterQueries":[],"searchQueryContext":null,"searchType":null}},"selected":false},{"code":"Choice","name":"Choice","count":2,"query":{"url":"glass-godis-och-snacks?q=%3AtopRated%3AcommercialName2%3AChoice","query":{"value":":topRated:commercialName2:Choice","filterQueries":[],"searchQueryContext":null,"searchType":null}},"selected":false},{"code":"Cloetta","name":"Cloetta","count":28,"query":{"url":"glass-godis-och-snacks?q=%3AtopRated%3AcommercialName2%3ACloetta","query":{"value":":topRated:commercialName2:Cloetta","filterQueries":[],"searchQueryContext":null,"searchType":null}},"selected":false},{"code":"Cote D Or","name":"Cote D Or","count":1,"query":{"url":"glass-godis-och-snacks?q=%3AtopRated%3AcommercialName2%3ACote%2BD%2BOr","query":{"value":":topRated:commercialName2:Cote+D+Or","filterQueries":[],"searchQueryContext":null,"searchType":null}},"selected":false},{"code":"Crispy","name":"Crispy","count":1,"query":{"url":"glass-godis-och-snacks?q=%3AtopRated%3AcommercialName2%3ACrispy","query":{"value":":topRated:commercialName2:Crispy","filterQueries":[],"searchQueryContext":null,"searchType":null}},"selected":false},{"code":"Daim","name":"Daim","count":1,"query":{"url":"glass-godis-och-snacks?q=%3AtopRated%3AcommercialName2%3ADaim","query":{"value":":topRated:commercialName2:Daim","filterQueries":[],"searchQueryContext":null,"searchType":null}},"selected":false},{"code":"Dave \u0026 Jon's","name":"Dave \u0026 Jon's","count":3,"query":{"url":"glass-godis-och-snacks?q=%3AtopRated%3AcommercialName2%3ADave%2B%2526%2BJon%2527s","query":{"value":":topRated:commercialName2:Dave+%26+Jon%27s","filterQueries":[],"searchQueryContext":null,"searchType":null}},"selected":false},{"code":"Dazzley","name":"Dazzley","count":25,"query":{"url":"glass-godis-och-snacks?q=%3AtopRated%3AcommercialName2%3ADazzley","query":{"value":":topRated:commercialName2:Dazzley","filterQueries":[],"searchQueryContext":null,"searchType":null}},"selected":false},{"code":"Denlillenött","name":"Denlillenött","count":2,"query":{"url":"glass-godis-och-snacks?q=%3AtopRated%3AcommercialName2%3ADenlillen%25C3%25B6tt","query":{"value":":topRated:commercialName2:Denlillen%C3%B6tt","filterQueries":[],"searchQueryContext":null,"searchType":null}},"selected":false},{"code":"Dent","name":"Dent","count":6,"query":{"url":"glass-godis-och-snacks?q=%3AtopRated%3AcommercialName2%3ADent","query":{"value":":topRated:commercialName2:Dent","filterQueries":[],"searchQueryContext":null,"searchType":null}},"selected":false},{"code":"Dextro Energy","name":"Dextro Energy","count":6,"query":{"url":"glass-godis-och-snacks?q=%3AtopRated%3AcommercialName2%3ADextro%2BEnergy","query":{"value":":topRated:commercialName2:Dextro+Energy","filterQueries":[],"searchQueryContext":null,"searchType":null}},"selected":false},{"code":"Dolci","name":"Dolci","count":1,"query":{"url":"glass-godis-och-snacks?q=%3AtopRated%3AcommercialName2%3ADolci","query":{"value":":topRated:commercialName2:Dolci","filterQueries":[],"searchQueryContext":null,"searchType":null}},"selected":false},{"code":"Dolis","name":"Dolis","count":1,"query":{"url":"glass-godis-och-snacks?q=%3AtopRated%3AcommercialName2%3ADolis","query":{"value":":topRated:commercialName2:Dolis","filterQueries":[],"searchQueryContext":null,"searchType":null}},"selected":false},{"code":"Doritos","name":"Doritos","count":3,"query":{"url":"glass-godis-och-snacks?q=%3AtopRated%3AcommercialName2%3ADoritos","query":{"value":":topRated:commercialName2:Doritos","filterQueries":[],"searchQueryContext":null,"searchType":null}},"selected":false},{"code":"Dr Oetker","name":"Dr Oetker","count":7,"query":{"url":"glass-godis-och-snacks?q=%3AtopRated%3AcommercialName2%3ADr%2BOetker","query":{"value":":topRated:commercialName2:Dr+Oetker","filterQueries":[],"searchQueryContext":null,"searchType":null}},"selected":false},{"code":"Eldorado","name":"Eldorado","count":25,"query":{"url":"glass-godis-och-snacks?q=%3AtopRated%3AcommercialName2%3AEldorado","query":{"value":":topRated:commercialName2:Eldorado","filterQueries":[],"searchQueryContext":null,"searchType":null}},"selected":false},{"code":"Estrella","name":"Estrella","count":49,"query":{"url":"glass-godis-och-snacks?q=%3AtopRated%3AcommercialName2%3AEstrella","query":{"value":":topRated:commercialName2:Estrella","filterQueries":[],"searchQueryContext":null,"searchType":null}},"selected":false},{"code":"Exotic Snacks","name":"Exotic Snacks","count":2,"query":{"url":"glass-godis-och-snacks?q=%3AtopRated%3AcommercialName2%3AExotic%2BSnacks","query":{"value":":topRated:commercialName2:Exotic+Snacks","filterQueries":[],"searchQueryContext":null,"searchType":null}},"selected":false},{"code":"Extra Starka","name":"Extra Starka","count":4,"query":{"url":"glass-godis-och-snacks?q=%3AtopRated%3AcommercialName2%3AExtra%2BStarka","query":{"value":":topRated:commercialName2:Extra+Starka","filterQueries":[],"searchQueryContext":null,"searchType":null}},"selected":false},{"code":"Fazer","name":"Fazer","count":42,"query":{"url":"glass-godis-och-snacks?q=%3AtopRated%3AcommercialName2%3AFazer","query":{"value":":topRated:commercialName2:Fazer","filterQueries":[],"searchQueryContext":null,"searchType":null}},"selected":false},{"code":"Ferrero","name":"Ferrero","count":5,"query":{"url":"glass-godis-och-snacks?q=%3AtopRated%3AcommercialName2%3AFerrero","query":{"value":":topRated:commercialName2:Ferrero","filterQueries":[],"searchQueryContext":null,"searchType":null}},"selected":false},{"code":"Fisherman's","name":"Fisherman's","count":16,"query":{"url":"glass-godis-och-snacks?q=%3AtopRated%3AcommercialName2%3AFisherman%2527s","query":{"value":":topRated:commercialName2:Fisherman%27s","filterQueries":[],"searchQueryContext":null,"searchType":null}},"selected":false},{"code":"Freshair","name":"Freshair","count":3,"query":{"url":"glass-godis-och-snacks?q=%3AtopRated%3AcommercialName2%3AFreshair","query":{"value":":topRated:commercialName2:Freshair","filterQueries":[],"searchQueryContext":null,"searchType":null}},"selected":false},{"code":"Funny Kidz","name":"Funny Kidz","count":1,"query":{"url":"glass-godis-och-snacks?q=%3AtopRated%3AcommercialName2%3AFunny%2BKidz","query":{"value":":topRated:commercialName2:Funny+Kidz","filterQueries":[],"searchQueryContext":null,"searchType":null}},"selected":false},{"code":"Garant","name":"Garant","count":42,"query":{"url":"glass-godis-och-snacks?q=%3AtopRated%3AcommercialName2%3AGarant","query":{"value":":topRated:commercialName2:Garant","filterQueries":[],"searchQueryContext":null,"searchType":null}},"selected":false},{"code":"Garant Eko","name":"Garant Eko","count":9,"query":{"url":"glass-godis-och-snacks?q=%3AtopRated%3AcommercialName2%3AGarant%2BEko","query":{"value":":topRated:commercialName2:Garant+Eko","filterQueries":[],"searchQueryContext":null,"searchType":null}},"selected":false},{"code":"Gb Glace","name":"Gb Glace","count":37,"query":{"url":"glass-godis-och-snacks?q=%3AtopRated%3AcommercialName2%3AGb%2BGlace","query":{"value":":topRated:commercialName2:Gb+Glace","filterQueries":[],"searchQueryContext":null,"searchType":null}},"selected":false},{"code":"Green Star","name":"Green Star","count":3,"query":{"url":"glass-godis-och-snacks?q=%3AtopRated%3AcommercialName2%3AGreen%2BStar","query":{"value":":topRated:commercialName2:Green+Star","filterQueries":[],"searchQueryContext":null,"searchType":null}},"selected":false},{"code":"Gullon","name":"Gullon","count":1,"query":{"url":"glass-godis-och-snacks?q=%3AtopRated%3AcommercialName2%3AGullon","query":{"value":":topRated:commercialName2:Gullon","filterQueries":[],"searchQueryContext":null,"searchType":null}},"selected":false},{"code":"Gårdschips","name":"Gårdschips","count":8,"query":{"url":"glass-godis-och-snacks?q=%3AtopRated%3AcommercialName2%3AG%25C3%25A5rdschips","query":{"value":":topRated:commercialName2:G%C3%A5rdschips","filterQueries":[],"searchQueryContext":null,"searchType":null}},"selected":false},{"code":"Halva","name":"Halva","count":1,"query":{"url":"glass-godis-och-snacks?q=%3AtopRated%3AcommercialName2%3AHalva","query":{"value":":topRated:commercialName2:Halva","filterQueries":[],"searchQueryContext":null,"searchType":null}},"selected":false},{"code":"Haribo","name":"Haribo","count":10,"query":{"url":"glass-godis-och-snacks?q=%3AtopRated%3AcommercialName2%3AHaribo","query":{"value":":topRated:commercialName2:Haribo","filterQueries":[],"searchQueryContext":null,"searchType":null}},"selected":false},{"code":"Healthyco","name":"Healthyco","count":4,"query":{"url":"glass-godis-och-snacks?q=%3AtopRated%3AcommercialName2%3AHealthyco","query":{"value":":topRated:commercialName2:Healthyco","filterQueries":[],"searchQueryContext":null,"searchType":null}},"selected":false},{"code":"Hersey's","name":"Hersey's","count":1,"query":{"url":"glass-godis-och-snacks?q=%3AtopRated%3AcommercialName2%3AHersey%2527s","query":{"value":":topRated:commercialName2:Hersey%27s","filterQueries":[],"searchQueryContext":null,"searchType":null}},"selected":false},{"code":"Hubba Bubba","name":"Hubba Bubba","count":3,"query":{"url":"glass-godis-och-snacks?q=%3AtopRated%3AcommercialName2%3AHubba%2BBubba","query":{"value":":topRated:commercialName2:Hubba+Bubba","filterQueries":[],"searchQueryContext":null,"searchType":null}},"selected":false},{"code":"Hulten","name":"Hulten","count":3,"query":{"url":"glass-godis-och-snacks?q=%3AtopRated%3AcommercialName2%3AHulten","query":{"value":":topRated:commercialName2:Hulten","filterQueries":[],"searchQueryContext":null,"searchType":null}},"selected":false},{"code":"Häagen-dazs","name":"Häagen-dazs","count":7,"query":{"url":"glass-godis-och-snacks?q=%3AtopRated%3AcommercialName2%3AH%25C3%25A4agen-dazs","query":{"value":":topRated:commercialName2:H%C3%A4agen-dazs","filterQueries":[],"searchQueryContext":null,"searchType":null}},"selected":false},{"code":"Kinder","name":"Kinder","count":7,"query":{"url":"glass-godis-och-snacks?q=%3AtopRated%3AcommercialName2%3AKinder","query":{"value":":topRated:commercialName2:Kinder","filterQueries":[],"searchQueryContext":null,"searchType":null}},"selected":false},{"code":"Kingis","name":"Kingis","count":1,"query":{"url":"glass-godis-och-snacks?q=%3AtopRated%3AcommercialName2%3AKingis","query":{"value":":topRated:commercialName2:Kingis","filterQueries":[],"searchQueryContext":null,"searchType":null}},"selected":false},{"code":"Kling Glass","name":"Kling Glass","count":1,"query":{"url":"glass-godis-och-snacks?q=%3AtopRated%3AcommercialName2%3AKling%2BGlass","query":{"value":":topRated:commercialName2:Kling+Glass","filterQueries":[],"searchQueryContext":null,"searchType":null}},"selected":false},{"code":"Konfekta","name":"Konfekta","count":5,"query":{"url":"glass-godis-och-snacks?q=%3AtopRated%3AcommercialName2%3AKonfekta","query":{"value":":topRated:commercialName2:Konfekta","filterQueries":[],"searchQueryContext":null,"searchType":null}},"selected":false},{"code":"Lakrisal","name":"Lakrisal","count":1,"query":{"url":"glass-godis-och-snacks?q=%3AtopRated%3AcommercialName2%3ALakrisal","query":{"value":":topRated:commercialName2:Lakrisal","filterQueries":[],"searchQueryContext":null,"searchType":null}},"selected":false},{"code":"Lantchips","name":"Lantchips","count":3,"query":{"url":"glass-godis-och-snacks?q=%3AtopRated%3AcommercialName2%3ALantchips","query":{"value":":topRated:commercialName2:Lantchips","filterQueries":[],"searchQueryContext":null,"searchType":null}},"selected":false},{"code":"Lay's","name":"Lay's","count":7,"query":{"url":"glass-godis-och-snacks?q=%3AtopRated%3AcommercialName2%3ALay%2527s","query":{"value":":topRated:commercialName2:Lay%27s","filterQueries":[],"searchQueryContext":null,"searchType":null}},"selected":false},{"code":"Lindt","name":"Lindt","count":31,"query":{"url":"glass-godis-och-snacks?q=%3AtopRated%3AcommercialName2%3ALindt","query":{"value":":topRated:commercialName2:Lindt","filterQueries":[],"searchQueryContext":null,"searchType":null}},"selected":false},{"code":"Lohilo","name":"Lohilo","count":6,"query":{"url":"glass-godis-och-snacks?q=%3AtopRated%3AcommercialName2%3ALohilo","query":{"value":":topRated:commercialName2:Lohilo","filterQueries":[],"searchQueryContext":null,"searchType":null}},"selected":false},{"code":"Läkerol","name":"Läkerol","count":22,"query":{"url":"glass-godis-och-snacks?q=%3AtopRated%3AcommercialName2%3AL%25C3%25A4kerol","query":{"value":":topRated:commercialName2:L%C3%A4kerol","filterQueries":[],"searchQueryContext":null,"searchType":null}},"selected":false},{"code":"Magnum","name":"Magnum","count":15,"query":{"url":"glass-godis-och-snacks?q=%3AtopRated%3AcommercialName2%3AMagnum","query":{"value":":topRated:commercialName2:Magnum","filterQueries":[],"searchQueryContext":null,"searchType":null}},"selected":false},{"code":"Malaco","name":"Malaco","count":18,"query":{"url":"glass-godis-och-snacks?q=%3AtopRated%3AcommercialName2%3AMalaco","query":{"value":":topRated:commercialName2:Malaco","filterQueries":[],"searchQueryContext":null,"searchType":null}},"selected":false},{"code":"Maltesers","name":"Maltesers","count":1,"query":{"url":"glass-godis-och-snacks?q=%3AtopRated%3AcommercialName2%3AMaltesers","query":{"value":":topRated:commercialName2:Maltesers","filterQueries":[],"searchQueryContext":null,"searchType":null}},"selected":false},{"code":"Mamba","name":"Mamba","count":1,"query":{"url":"glass-godis-och-snacks?q=%3AtopRated%3AcommercialName2%3AMamba","query":{"value":":topRated:commercialName2:Mamba","filterQueries":[],"searchQueryContext":null,"searchType":null}},"selected":false},{"code":"Marabou","name":"Marabou","count":72,"query":{"url":"glass-godis-och-snacks?q=%3AtopRated%3AcommercialName2%3AMarabou","query":{"value":":topRated:commercialName2:Marabou","filterQueries":[],"searchQueryContext":null,"searchType":null}},"selected":false},{"code":"Mars","name":"Mars","count":4,"query":{"url":"glass-godis-och-snacks?q=%3AtopRated%3AcommercialName2%3AMars","query":{"value":":topRated:commercialName2:Mars","filterQueries":[],"searchQueryContext":null,"searchType":null}},"selected":false},{"code":"Matric","name":"Matric","count":2,"query":{"url":"glass-godis-och-snacks?q=%3AtopRated%3AcommercialName2%3AMatric","query":{"value":":topRated:commercialName2:Matric","filterQueries":[],"searchQueryContext":null,"searchType":null}},"selected":false},{"code":"Mentos","name":"Mentos","count":7,"query":{"url":"glass-godis-och-snacks?q=%3AtopRated%3AcommercialName2%3AMentos","query":{"value":":topRated:commercialName2:Mentos","filterQueries":[],"searchQueryContext":null,"searchType":null}},"selected":false},{"code":"Merci","name":"Merci","count":2,"query":{"url":"glass-godis-och-snacks?q=%3AtopRated%3AcommercialName2%3AMerci","query":{"value":":topRated:commercialName2:Merci","filterQueries":[],"searchQueryContext":null,"searchType":null}},"selected":false},{"code":"Milky Way","name":"Milky Way","count":1,"query":{"url":"glass-godis-och-snacks?q=%3AtopRated%3AcommercialName2%3AMilky%2BWay","query":{"value":":topRated:commercialName2:Milky+Way","filterQueries":[],"searchQueryContext":null,"searchType":null}},"selected":false},{"code":"Mr Iceman","name":"Mr Iceman","count":1,"query":{"url":"glass-godis-och-snacks?q=%3AtopRated%3AcommercialName2%3AMr%2BIceman","query":{"value":":topRated:commercialName2:Mr+Iceman","filterQueries":[],"searchQueryContext":null,"searchType":null}},"selected":false},{"code":"Nasib","name":"Nasib","count":3,"query":{"url":"glass-godis-och-snacks?q=%3AtopRated%3AcommercialName2%3ANasib","query":{"value":":topRated:commercialName2:Nasib","filterQueries":[],"searchQueryContext":null,"searchType":null}},"selected":false},{"code":"Nestle","name":"Nestle","count":1,"query":{"url":"glass-godis-och-snacks?q=%3AtopRated%3AcommercialName2%3ANestle","query":{"value":":topRated:commercialName2:Nestle","filterQueries":[],"searchQueryContext":null,"searchType":null}},"selected":false},{"code":"Nestlé","name":"Nestlé","count":14,"query":{"url":"glass-godis-och-snacks?q=%3AtopRated%3AcommercialName2%3ANestl%25C3%25A9","query":{"value":":topRated:commercialName2:Nestl%C3%A9","filterQueries":[],"searchQueryContext":null,"searchType":null}},"selected":false},{"code":"Nicks","name":"Nicks","count":3,"query":{"url":"glass-godis-och-snacks?q=%3AtopRated%3AcommercialName2%3ANicks","query":{"value":":topRated:commercialName2:Nicks","filterQueries":[],"searchQueryContext":null,"searchType":null}},"selected":false},{"code":"Nick´s","name":"Nick´s","count":11,"query":{"url":"glass-godis-och-snacks?q=%3AtopRated%3AcommercialName2%3ANick%25C2%25B4s","query":{"value":":topRated:commercialName2:Nick%C2%B4s","filterQueries":[],"searchQueryContext":null,"searchType":null}},"selected":false},{"code":"Nutella","name":"Nutella","count":1,"query":{"url":"glass-godis-och-snacks?q=%3AtopRated%3AcommercialName2%3ANutella","query":{"value":":topRated:commercialName2:Nutella","filterQueries":[],"searchQueryContext":null,"searchType":null}},"selected":false},{"code":"Nutisal","name":"Nutisal","count":4,"query":{"url":"glass-godis-och-snacks?q=%3AtopRated%3AcommercialName2%3ANutisal","query":{"value":":topRated:commercialName2:Nutisal","filterQueries":[],"searchQueryContext":null,"searchType":null}},"selected":false},{"code":"Nøttefabrikken","name":"Nøttefabrikken","count":6,"query":{"url":"glass-godis-och-snacks?q=%3AtopRated%3AcommercialName2%3AN%25C3%25B8ttefabrikken","query":{"value":":topRated:commercialName2:N%C3%B8ttefabrikken","filterQueries":[],"searchQueryContext":null,"searchType":null}},"selected":false},{"code":"O\\zon","name":"O\\zon","count":1,"query":{"url":"glass-godis-och-snacks?q=%3AtopRated%3AcommercialName2%3AO%255Czon","query":{"value":":topRated:commercialName2:O%5Czon","filterQueries":[],"searchQueryContext":null,"searchType":null}},"selected":false},{"code":"Oatly","name":"Oatly","count":3,"query":{"url":"glass-godis-och-snacks?q=%3AtopRated%3AcommercialName2%3AOatly","query":{"value":":topRated:commercialName2:Oatly","filterQueries":[],"searchQueryContext":null,"searchType":null}},"selected":false},{"code":"Odense","name":"Odense","count":4,"query":{"url":"glass-godis-och-snacks?q=%3AtopRated%3AcommercialName2%3AOdense","query":{"value":":topRated:commercialName2:Odense","filterQueries":[],"searchQueryContext":null,"searchType":null}},"selected":false},{"code":"Olw","name":"Olw","count":49,"query":{"url":"glass-godis-och-snacks?q=%3AtopRated%3AcommercialName2%3AOlw","query":{"value":":topRated:commercialName2:Olw","filterQueries":[],"searchQueryContext":null,"searchType":null}},"selected":false},{"code":"Omega","name":"Omega","count":1,"query":{"url":"glass-godis-och-snacks?q=%3AtopRated%3AcommercialName2%3AOmega","query":{"value":":topRated:commercialName2:Omega","filterQueries":[],"searchQueryContext":null,"searchType":null}},"selected":false},{"code":"Panda","name":"Panda","count":1,"query":{"url":"glass-godis-och-snacks?q=%3AtopRated%3AcommercialName2%3APanda","query":{"value":":topRated:commercialName2:Panda","filterQueries":[],"searchQueryContext":null,"searchType":null}},"selected":false},{"code":"Papadopoulos","name":"Papadopoulos","count":1,"query":{"url":"glass-godis-och-snacks?q=%3AtopRated%3AcommercialName2%3APapadopoulos","query":{"value":":topRated:commercialName2:Papadopoulos","filterQueries":[],"searchQueryContext":null,"searchType":null}},"selected":false},{"code":"Pez","name":"Pez","count":2,"query":{"url":"glass-godis-och-snacks?q=%3AtopRated%3AcommercialName2%3APez","query":{"value":":topRated:commercialName2:Pez","filterQueries":[],"searchQueryContext":null,"searchType":null}},"selected":false},{"code":"Pringles","name":"Pringles","count":4,"query":{"url":"glass-godis-och-snacks?q=%3AtopRated%3AcommercialName2%3APringles","query":{"value":":topRated:commercialName2:Pringles","filterQueries":[],"searchQueryContext":null,"searchType":null}},"selected":false},{"code":"Printzells","name":"Printzells","count":1,"query":{"url":"glass-godis-och-snacks?q=%3AtopRated%3AcommercialName2%3APrintzells","query":{"value":":topRated:commercialName2:Printzells","filterQueries":[],"searchQueryContext":null,"searchType":null}},"selected":false},{"code":"Raffolait","name":"Raffolait","count":1,"query":{"url":"glass-godis-och-snacks?q=%3AtopRated%3AcommercialName2%3ARaffolait","query":{"value":":topRated:commercialName2:Raffolait","filterQueries":[],"searchQueryContext":null,"searchType":null}},"selected":false},{"code":"Reeses","name":"Reeses","count":1,"query":{"url":"glass-godis-och-snacks?q=%3AtopRated%3AcommercialName2%3AReeses","query":{"value":":topRated:commercialName2:Reeses","filterQueries":[],"searchQueryContext":null,"searchType":null}},"selected":false},{"code":"Riesen","name":"Riesen","count":1,"query":{"url":"glass-godis-och-snacks?q=%3AtopRated%3AcommercialName2%3ARiesen","query":{"value":":topRated:commercialName2:Riesen","filterQueries":[],"searchQueryContext":null,"searchType":null}},"selected":false},{"code":"Ritter Sport","name":"Ritter Sport","count":12,"query":{"url":"glass-godis-och-snacks?q=%3AtopRated%3AcommercialName2%3ARitter%2BSport","query":{"value":":topRated:commercialName2:Ritter+Sport","filterQueries":[],"searchQueryContext":null,"searchType":null}},"selected":false},{"code":"Santa Maria","name":"Santa Maria","count":3,"query":{"url":"glass-godis-och-snacks?q=%3AtopRated%3AcommercialName2%3ASanta%2BMaria","query":{"value":":topRated:commercialName2:Santa+Maria","filterQueries":[],"searchQueryContext":null,"searchType":null}},"selected":false},{"code":"Sia Glass","name":"Sia Glass","count":26,"query":{"url":"glass-godis-och-snacks?q=%3AtopRated%3AcommercialName2%3ASia%2BGlass","query":{"value":":topRated:commercialName2:Sia+Glass","filterQueries":[],"searchQueryContext":null,"searchType":null}},"selected":false},{"code":"Skælskør","name":"Skælskør","count":1,"query":{"url":"glass-godis-och-snacks?q=%3AtopRated%3AcommercialName2%3ASk%25C3%25A6lsk%25C3%25B8r","query":{"value":":topRated:commercialName2:Sk%C3%A6lsk%C3%B8r","filterQueries":[],"searchQueryContext":null,"searchType":null}},"selected":false},{"code":"Smiling","name":"Smiling","count":1,"query":{"url":"glass-godis-och-snacks?q=%3AtopRated%3AcommercialName2%3ASmiling","query":{"value":":topRated:commercialName2:Smiling","filterQueries":[],"searchQueryContext":null,"searchType":null}},"selected":false},{"code":"Snickers","name":"Snickers","count":6,"query":{"url":"glass-godis-och-snacks?q=%3AtopRated%3AcommercialName2%3ASnickers","query":{"value":":topRated:commercialName2:Snickers","filterQueries":[],"searchQueryContext":null,"searchType":null}},"selected":false},{"code":"Solero","name":"Solero","count":1,"query":{"url":"glass-godis-och-snacks?q=%3AtopRated%3AcommercialName2%3ASolero","query":{"value":":topRated:commercialName2:Solero","filterQueries":[],"searchQueryContext":null,"searchType":null}},"selected":false},{"code":"St Michael","name":"St Michael","count":1,"query":{"url":"glass-godis-och-snacks?q=%3AtopRated%3AcommercialName2%3ASt%2BMichael","query":{"value":":topRated:commercialName2:St+Michael","filterQueries":[],"searchQueryContext":null,"searchType":null}},"selected":false},{"code":"Stimorol","name":"Stimorol","count":10,"query":{"url":"glass-godis-och-snacks?q=%3AtopRated%3AcommercialName2%3AStimorol","query":{"value":":topRated:commercialName2:Stimorol","filterQueries":[],"searchQueryContext":null,"searchType":null}},"selected":false},{"code":"Storck","name":"Storck","count":1,"query":{"url":"glass-godis-och-snacks?q=%3AtopRated%3AcommercialName2%3AStorck","query":{"value":":topRated:commercialName2:Storck","filterQueries":[],"searchQueryContext":null,"searchType":null}},"selected":false},{"code":"Swizzels","name":"Swizzels","count":2,"query":{"url":"glass-godis-och-snacks?q=%3AtopRated%3AcommercialName2%3ASwizzels","query":{"value":":topRated:commercialName2:Swizzels","filterQueries":[],"searchQueryContext":null,"searchType":null}},"selected":false},{"code":"Tellus","name":"Tellus","count":1,"query":{"url":"glass-godis-och-snacks?q=%3AtopRated%3AcommercialName2%3ATellus","query":{"value":":topRated:commercialName2:Tellus","filterQueries":[],"searchQueryContext":null,"searchType":null}},"selected":false},{"code":"Toffifee","name":"Toffifee","count":2,"query":{"url":"glass-godis-och-snacks?q=%3AtopRated%3AcommercialName2%3AToffifee","query":{"value":":topRated:commercialName2:Toffifee","filterQueries":[],"searchQueryContext":null,"searchType":null}},"selected":false},{"code":"Toms","name":"Toms","count":17,"query":{"url":"glass-godis-och-snacks?q=%3AtopRated%3AcommercialName2%3AToms","query":{"value":":topRated:commercialName2:Toms","filterQueries":[],"searchQueryContext":null,"searchType":null}},"selected":false},{"code":"Tony´s","name":"Tony´s","count":4,"query":{"url":"glass-godis-och-snacks?q=%3AtopRated%3AcommercialName2%3ATony%25C2%25B4s","query":{"value":":topRated:commercialName2:Tony%C2%B4s","filterQueries":[],"searchQueryContext":null,"searchType":null}},"selected":false},{"code":"Triumf Glass","name":"Triumf Glass","count":34,"query":{"url":"glass-godis-och-snacks?q=%3AtopRated%3AcommercialName2%3ATriumf%2BGlass","query":{"value":":topRated:commercialName2:Triumf+Glass","filterQueries":[],"searchQueryContext":null,"searchType":null}},"selected":false},{"code":"Trolli","name":"Trolli","count":1,"query":{"url":"glass-godis-och-snacks?q=%3AtopRated%3AcommercialName2%3ATrolli","query":{"value":":topRated:commercialName2:Trolli","filterQueries":[],"searchQueryContext":null,"searchType":null}},"selected":false},{"code":"True Gum","name":"True Gum","count":4,"query":{"url":"glass-godis-och-snacks?q=%3AtopRated%3AcommercialName2%3ATrue%2BGum","query":{"value":":topRated:commercialName2:True+Gum","filterQueries":[],"searchQueryContext":null,"searchType":null}},"selected":false},{"code":"Tweek","name":"Tweek","count":1,"query":{"url":"glass-godis-och-snacks?q=%3AtopRated%3AcommercialName2%3ATweek","query":{"value":":topRated:commercialName2:Tweek","filterQueries":[],"searchQueryContext":null,"searchType":null}},"selected":false},{"code":"Twix","name":"Twix","count":5,"query":{"url":"glass-godis-och-snacks?q=%3AtopRated%3AcommercialName2%3ATwix","query":{"value":":topRated:commercialName2:Twix","filterQueries":[],"searchQueryContext":null,"searchType":null}},"selected":false},{"code":"V6","name":"V6","count":6,"query":{"url":"glass-godis-och-snacks?q=%3AtopRated%3AcommercialName2%3AV6","query":{"value":":topRated:commercialName2:V6","filterQueries":[],"searchQueryContext":null,"searchType":null}},"selected":false},{"code":"Vicks","name":"Vicks","count":7,"query":{"url":"glass-godis-och-snacks?q=%3AtopRated%3AcommercialName2%3AVicks","query":{"value":":topRated:commercialName2:Vicks","filterQueries":[],"searchQueryContext":null,"searchType":null}},"selected":false},{"code":"Våffelbagaren","name":"Våffelbagaren","count":2,"query":{"url":"glass-godis-och-snacks?q=%3AtopRated%3AcommercialName2%3AV%25C3%25A5ffelbagaren","query":{"value":":topRated:commercialName2:V%C3%A5ffelbagaren","filterQueries":[],"searchQueryContext":null,"searchType":null}},"selected":false},{"code":"Wellibites","name":"Wellibites","count":2,"query":{"url":"glass-godis-och-snacks?q=%3AtopRated%3AcommercialName2%3AWellibites","query":{"value":":topRated:commercialName2:Wellibites","filterQueries":[],"searchQueryContext":null,"searchType":null}},"selected":false},{"code":"Werther's","name":"Werther's","count":5,"query":{"url":"glass-godis-och-snacks?q=%3AtopRated%3AcommercialName2%3AWerther%2527s","query":{"value":":topRated:commercialName2:Werther%27s","filterQueries":[],"searchQueryContext":null,"searchType":null}},"selected":false},{"code":"Wrigley's","name":"Wrigley's","count":14,"query":{"url":"glass-godis-och-snacks?q=%3AtopRated%3AcommercialName2%3AWrigley%2527s","query":{"value":":topRated:commercialName2:Wrigley%27s","filterQueries":[],"searchQueryContext":null,"searchType":null}},"selected":false},{"code":"Xylitlife","name":"Xylitlife","count":2,"query":{"url":"glass-godis-och-snacks?q=%3AtopRated%3AcommercialName2%3AXylitlife","query":{"value":":topRated:commercialName2:Xylitlife","filterQueries":[],"searchQueryContext":null,"searchType":null}},"selected":false},{"code":"Zaini","name":"Zaini","count":1,"query":{"url":"glass-godis-och-snacks?q=%3AtopRated%3AcommercialName2%3AZaini","query":{"value":":topRated:commercialName2:Zaini","filterQueries":[],"searchQueryContext":null,"searchType":null}},"selected":false},{"code":"Zinq","name":"Zinq","count":3,"query":{"url":"glass-godis-och-snacks?q=%3AtopRated%3AcommercialName2%3AZinq","query":{"value":":topRated:commercialName2:Zinq","filterQueries":[],"searchQueryContext":null,"searchType":null}},"selected":false}]},{"code":"category","name":"category","priority":-500,"category":true,"multiSelect":true,"visible":true,"topValues":[{"code":"N00","name":"Alla varor","count":935,"query":{"url":"glass-godis-och-snacks?q=%3AtopRated%3Acategory%3AN00","query":{"value":":topRated:category:N00","filterQueries":[],"searchQueryContext":null,"searchType":null}},"selected":false},{"code":"N110101","name":"Barngodis","count":57,"query":{"url":"glass-godis-och-snacks?q=%3AtopRated%3Acategory%3AN110101","query":{"value":":topRated:category:N110101","filterQueries":[],"searchQueryContext":null,"searchType":null}},"selected":false},{"code":"N110301","name":"Chips","count":91,"query":{"url":"glass-godis-och-snacks?q=%3AtopRated%3Acategory%3AN110301","query":{"value":":topRated:category:N110301","filterQueries":[],"searchQueryContext":null,"searchType":null}},"selected":false},{"code":"N1103","name":"Chips, snacks \u0026 dip","count":192,"query":{"url":"glass-godis-och-snacks?q=%3AtopRated%3Acategory%3AN1103","query":{"value":":topRated:category:N1103","filterQueries":[],"searchQueryContext":null,"searchType":null}},"selected":false},{"code":"N1102","name":"Choklad","count":219,"query":{"url":"glass-godis-och-snacks?q=%3AtopRated%3Acategory%3AN1102","query":{"value":":topRated:category:N1102","filterQueries":[],"searchQueryContext":null,"searchType":null}},"selected":false}],"values":[{"code":"N1103","name":"Chips, snacks \u0026 dip","count":192,"query":{"url":"glass-godis-och-snacks?q=%3AtopRated%3Acategory%3AN1103","query":{"value":":topRated:category:N1103","filterQueries":[],"searchQueryContext":null,"searchType":null}},"selected":false},{"code":"N1102","name":"Choklad","count":219,"query":{"url":"glass-godis-och-snacks?q=%3AtopRated%3Acategory%3AN1102","query":{"value":":topRated:category:N1102","filterQueries":[],"searchQueryContext":null,"searchType":null}},"selected":false},{"code":"N0715","name":"Desserter \u0026 glasstillbehör","count":23,"query":{"url":"glass-godis-och-snacks?q=%3AtopRated%3Acategory%3AN0715","query":{"value":":topRated:category:N0715","filterQueries":[],"searchQueryContext":null,"searchType":null}},"selected":false},{"code":"N0811","name":"Glass","count":192,"query":{"url":"glass-godis-och-snacks?q=%3AtopRated%3Acategory%3AN0811","query":{"value":":topRated:category:N0811","filterQueries":[],"searchQueryContext":null,"searchType":null}},"selected":false},{"code":"N1105","name":"Glass \u0026 tillbehör","count":215,"query":{"url":"glass-godis-och-snacks?q=%3AtopRated%3Acategory%3AN1105","query":{"value":":topRated:category:N1105","filterQueries":[],"searchQueryContext":null,"searchType":null}},"selected":false},{"code":"N1101","name":"Godis","count":147,"query":{"url":"glass-godis-och-snacks?q=%3AtopRated%3Acategory%3AN1101","query":{"value":":topRated:category:N1101","filterQueries":[],"searchQueryContext":null,"searchType":null}},"selected":false},{"code":"N1107","name":"Halstabletter","count":66,"query":{"url":"glass-godis-och-snacks?q=%3AtopRated%3Acategory%3AN1107","query":{"value":":topRated:category:N1107","filterQueries":[],"searchQueryContext":null,"searchType":null}},"selected":false},{"code":"N1104","name":"Nyttiga snacks","count":27,"query":{"url":"glass-godis-och-snacks?q=%3AtopRated%3Acategory%3AN1104","query":{"value":":topRated:category:N1104","filterQueries":[],"searchQueryContext":null,"searchType":null}},"selected":false},{"code":"N1108","name":"Presentförpackningar","count":38,"query":{"url":"glass-godis-och-snacks?q=%3AtopRated%3Acategory%3AN1108","query":{"value":":topRated:category:N1108","filterQueries":[],"searchQueryContext":null,"searchType":null}},"selected":false},{"code":"N1106","name":"Tuggummi","count":49,"query":{"url":"glass-godis-och-snacks?q=%3AtopRated%3Acategory%3AN1106","query":{"value":":topRated:category:N1106","filterQueries":[],"searchQueryContext":null,"searchType":null}},"selected":false}]},{"code":"productLabelTypes","name":"productLabelTypes","priority":-1000,"category":false,"multiSelect":false,"visible":true,"topValues":null,"values":[{"code":"ECOLOGICAL","name":"Ekologisk","count":14,"query":{"url":"glass-godis-och-snacks?q=%3AtopRated%3AproductLabelTypes%3AECOLOGICAL","query":{"value":":topRated:productLabelTypes:ECOLOGICAL","filterQueries":[],"searchQueryContext":null,"searchType":null}},"selected":false},{"code":"ENVIRONMENTAL_FACET","name":"Miljömärkt","count":42,"query":{"url":"glass-godis-och-snacks?q=%3AtopRated%3AproductLabelTypes%3AENVIRONMENTAL_FACET","query":{"value":":topRated:productLabelTypes:ENVIRONMENTAL_FACET","filterQueries":[],"searchQueryContext":null,"searchType":null}},"selected":false},{"code":"FAIRTRADE_FACET","name":"Fairtrade","count":32,"query":{"url":"glass-godis-och-snacks?q=%3AtopRated%3AproductLabelTypes%3AFAIRTRADE_FACET","query":{"value":":topRated:productLabelTypes:FAIRTRADE_FACET","filterQueries":[],"searchQueryContext":null,"searchType":null}},"selected":false},{"code":"GLUTENFREE","name":"Glutenfri","count":22,"query":{"url":"glass-godis-och-snacks?q=%3AtopRated%3AproductLabelTypes%3AGLUTENFREE","query":{"value":":topRated:productLabelTypes:GLUTENFREE","filterQueries":[],"searchQueryContext":null,"searchType":null}},"selected":false},{"code":"KEYHOLE","name":"Nyckelhålet","count":10,"query":{"url":"glass-godis-och-snacks?q=%3AtopRated%3AproductLabelTypes%3AKEYHOLE","query":{"value":":topRated:productLabelTypes:KEYHOLE","filterQueries":[],"searchQueryContext":null,"searchType":null}},"selected":false},{"code":"LAKTOSFREE","name":"Laktosfri","count":24,"query":{"url":"glass-godis-och-snacks?q=%3AtopRated%3AproductLabelTypes%3ALAKTOSFREE","query":{"value":":topRated:productLabelTypes:LAKTOSFREE","filterQueries":[],"searchQueryContext":null,"searchType":null}},"selected":false},{"code":"SWEDISH_FLAG","name":"Svenskt","count":14,"query":{"url":"glass-godis-och-snacks?q=%3AtopRated%3AproductLabelTypes%3ASWEDISH_FLAG","query":{"value":":topRated:productLabelTypes:SWEDISH_FLAG","filterQueries":[],"searchQueryContext":null,"searchType":null}},"selected":false}]}],"freeTextSearch":"","categoryCode":null,"keywordRedirectUrl":null,"spellingSuggestion":null,"categoryName":null,"customSuggestion":null,"categoryBreadcrumbs":{"url":"glass-godis-och-snacks","name":"Glass, godis \u0026 snacks","linkClass":null,"categoryCode":"N11"},"navigationCategories":null,"subCategories":[{"code":"N1101","name":"Godis","url":"glass-godis-och-snacks/godis","description":null,"image":null,"parentCategoryName":"Glass, godis \u0026 snacks","sequence":0},{"code":"N1102","name":"Choklad","url":"glass-godis-och-snacks/choklad","description":null,"image":null,"parentCategoryName":"Glass, godis \u0026 snacks","sequence":0},{"code":"N1103","name":"Chips, snacks \u0026 dip","url":"glass-godis-och-snacks/chips-snacks-och-dip","description":null,"image":null,"parentCategoryName":"Glass, godis \u0026 snacks","sequence":0},{"code":"N1104","name":"Nyttiga snacks","url":"glass-godis-och-snacks/nyttiga-snacks","description":null,"image":null,"parentCategoryName":"Glass, godis \u0026 snacks","sequence":0},{"code":"N1105","name":"Glass \u0026 tillbehör","url":"glass-godis-och-snacks/glass-och-tillbehor","description":null,"image":null,"parentCategoryName":"Glass, godis \u0026 snacks","sequence":0},{"code":"N1106","name":"Tuggummi","url":"glass-godis-och-snacks/tuggummi","description":null,"image":null,"parentCategoryName":"Glass, godis \u0026 snacks","sequence":0},{"code":"N1107","name":"Halstabletter","url":"glass-godis-och-snacks/halstabletter","description":null,"image":null,"parentCategoryName":"Glass, godis \u0026 snacks","sequence":0},{"code":"N1108","name":"Presentförpackningar","url":"glass-godis-och-snacks/presentforpackningar","description":null,"image":null,"parentCategoryName":"Glass, godis \u0026 snacks","sequence":0}],"categoryInfo":{"code":"N11","name":"Glass, godis \u0026 snacks","url":"glass-godis-och-snacks","description":null,"image":null,"parentCategoryName":null,"sequence":0},"superCategories":[{"code":"N00","name":"Alla varor","url":"/alla-varor/c/","description":null,"image":null,"parentCategoryName":null,"sequence":0}],"restrictedProductTypes":""},"namespacesRequired":["categorypage","deliverypicker","common","tooltip"]},"initialState":{"vouchers":{"online":{"used":[],"available":[]},"offline":{"used":[],"available":[]},"new":{}},"conflictingModal":{"open":false,"items":[],"resolved":null,"rejected":null,"reason":""},"cart":{"isocode":"","appliedVouchers":[],"cartStatus":[],"removedVouchers":[],"oldVouchersNotApplied":"","orderReferenceTimeUntilSlotClose":"","timeUntilSlotCloseTime":"","loyaltyProductCount":"","orderReference":"","postalCode":"","recipeCount":"","products":[],"oldOrderPrice":"","priceDiff":"","orderReferenceSlotCode":"","orderReferenceSlotCloseTime":"","slotReservedTo":"","loyaltySaveValue":"","recipes":[],"slot":"","frozen":false,"pickQuantities":"","bufferedPercent":"","freeShippingVoucher":"","slotCloseTimeFormatted":"","slotCloseDateTime":"","slotCloseDay":"","slotStartDateTime":"","slotStartDay":"","frequentShopperPointsAmount":"","swedishBird":false,"swedishMeat":false,"ageRestricted15":false,"ageRestricted18":false,"euEcological":false,"fairtrade":false,"mscFish":false,"ascFish":false,"keyhole":false,"environmentalChoice":false,"allergyApproved":false,"euFlower":false,"glutenfree":false,"laktosfree":false,"ghsSignalWordDanger":false,"ghsSignalWordNotApplicable":false,"ghsSignalWordWarning":false,"ghsSymbolCorrosion":false,"ghsSymbolEnvironment":false,"ghsSymbolExcalmationMark":false,"ghsSymbolExplodingBomb":false,"ghsSymbolFlame":false,"ghsSymbolFlameOverCircle":false,"ghsSymbolGasCylinder":false,"ghsSymbolHealthHazard":false,"ghsSymbolNoPictogram":false,"ghsSymbolSkullAndCrossbones":false,"slotFormattedDate":"","slotPickAndPackCost":"","deliveryModeCode":"","deliveryModeName":"","subTotalPrice":"","subTotalPriceWithDiscountsAndVouchers":"","subTotalPriceWithoutDiscounts":"","totalDiscountValue":0,"totalPromotionDiscount":"","totalPromotionDiscountValue":0,"totalGeneralDiscount":"","totalGeneralDiscountValue":0,"totalLoyaltyDiscount":"","serviceCost":"","ekoReplacement":false,"swedishFlag":false,"swan":false,"ecological":false,"customerComment":"","pickAndPackCost":"","doorCode":"","employeeDiscountTotal":"","klarnaPaymentMethod":null,"pickUpCost":"","subTotalWithDiscounts":"","usersOrderReference":"","totalTax":"","deliveryAddress":"","deliveryCost":"","totalDiscount":"","totalPrice":"","totalItems":0,"totalUnitCount":0,"totalDepositSum":"","bufferedAmount":"","reservedAmount":"","taxes":"","paymentType":"","slotCloseTime":"","deliveryOrPickUpOriginalFee":"","subtotalWithDiscountsAndPercentageVouchers":"","b2bCustomer":false,"orderDate":"","anonymousOrder":false,"anonymousOrderDetailLink":"","notEditableAfterOrder":false,"franchiseStore":false,"storeChangeAllowed":false,"companyName":"","coupons":[],"freeShipping":false,"b2bSlot":"","krav":false,"deliverySlot":false,"slotCode":"","isUpdating":false,"hasNicotineMedical":false},"cartUpdating":{"isUpdating":false,"isFetching":false,"isSubmitting":false,"editReplacement":false,"hasFetchedCart":false},"persistedCart":"","customer":{"data":{"uid":"anonymous","name":"anonymous","defaultBillingAddress":null,"defaultShippingAddress":null,"titleCode":null,"title":null,"firstName":"anonymous","lastName":"","currency":{"isocode":"SEK","name":null,"active":true,"symbol":"kr"},"language":{"isocode":"sv","name":"Swedish","nativeName":"Swedish","active":true,"required":false},"displayUid":null,"customerId":null,"deactivationDate":null,"email":null,"socialSecurityNumer":null,"idInSourceSystem":"0","storeId":"","homeStoreId":"","savedCards":[],"charityFlag":false,"suppressAllSMS":false,"suppressAllEmails":false,"digitalVoucherFlag":false,"noMonthlyCommunication":false,"isPrimary":false,"isDeletedinLDAP":false,"existsInLDAP":false,"linkedCards":null,"linkedAccounts":null,"bonusInfo":null,"sendDigitalReceipt":null,"digitalReceiptAvailable":false,"digitalReceiptReference":null,"isB2BCustomer":false,"sapId":null,"orgNumber":null,"companyName":null,"companyAlternativeName":null,"isAllowedCreditPayment":false,"creditInformation":null,"postalCode":null,"lastUsedLogin":null,"digitalReceiptEmailCommChannel":false,"activeTripExists":false,"latestLoginIsAutoLogin":false,"newCustomer":true,"isLocalB2BCustomer":false,"companyStoreName":"","companyStoreId":"","localCustomerAgreement":null},"isUpdating":false,"hasFetchedCustomer":true},"toolbar":{"search":{"isOpen":false,"isExpanded":false},"stickyToolbar":false},"minicart":{"preview":{"isOpen":false},"tooltip":{"isNicotineMedicalProduct":false,"isTobaccoProduct":false}},"menu":{"isOpen":false},"store":{"externalPickupLocation":false,"deliveryCost":"99 kr","geoPoint":{"latitude":57.5117,"longitude":12.082},"storeChangeAllowed":true,"openingHours":["Mån 07:00-21:00","Tis 07:00-21:00","Ons 07:00-21:00","Tors 07:00-21:00","Fre 07:00-21:00","Lör 08:00-21:00","Sön 08:00-21:00"],"storeId":"2110","willysHemma":false,"clickAndCollect":true,"extraPickUpInformation":"","pickingCostForCollect":"59 kr","b2bPickingCostForDelivery":"69 kr","pickingCostForDelivery":"59 kr","b2bDeliveryCost":"129 kr","customerServicePhone":"0771-71 70 00","openingHoursMessageKey":"store.openMessage.open","onlineStore":true,"pickingCostForCollectPlusPickupCost":"59 kr","b2bPickingCostForCollectPlusPickupCost":"69 kr","pickingCostForDeliveryPlusDeliveryCost":"158 kr","b2bPickingCostForDeliveryPlusDeliveryCost":"198 kr","openingStoreMessageValue":"7-21","b2BClickAndCollect":true,"specialOpeningHours":["2023-05-28 (Pingstdagen) 08:00-21:00","2023-06-01 (1:a juni) 08:00-21:00","2023-06-06 (Nationaldagen) 08:00-21:00"],"freeB2BPickingCostThresholdForCollectFormatted":"0 kr","freeB2BPickingCostThresholdForDeliveryFormatted":"0 kr","franchiseStore":false,"freeDeliveryThresholdFormatted":"0 kr","b2bFreeDeliveryThresholdFormatted":"0 kr","pickupInStoreCost":"0 kr","b2bPickupInStoreCost":"0 kr","customerServiceEmail":"info@willys.se","flyerURL":"https://viewer.ipaper.io/willys/2110","activelySelected":false,"freePickingCostThresholdForCollectFormatted":"0 kr","freePickingCostThresholdForDeliveryFormatted":"0 kr","external":false,"name":"Willys Kungsbacka Hede","open":true,"address":{"id":"8796519038999","title":null,"titleCode":null,"firstName":null,"lastName":null,"companyName":null,"line1":"Tölöleden 3","line2":null,"town":"Kungsbacka","region":null,"district":null,"postalCode":"434 95","phone":"0300-566150","cellphone":null,"email":null,"country":{"isocode":"SE","name":"Sverige"},"shippingAddress":false,"billingAddress":false,"defaultAddress":false,"visibleInAddressBook":true,"formattedAddress":"Tölöleden 3, Kungsbacka, 434 95","longitude":12.082,"latitude":57.5117,"appartment":null,"doorCode":null,"customerComment":null}},"deliveryPicker":{"isOpen":false,"proceedToCheckout":false},"promotionPage":{"promotionStoreId":null},"login":{"isLoggingIn":false},"checkout":{"delivery":{"isCompleted":false,"isEditing":false,"isDisabled":false,"isValid":true},"contactInfo":{"isCompleted":false,"isEditing":false,"isDisabled":false},"timeSlot":{"isCompleted":false,"isEditing":false,"isDisabled":false},"payment":{"isCompleted":false,"isEditing":false,"isDisabled":false,"selectedCard":{"cardType":"","defaultCard":false,"expireDate":"","expired":false,"id":"","maskedNumber":""},"saveCard":true,"selectedMode":"","possiblyWrongStoreConfirmed":0,"klarnaData":{"token":"","option":""}}},"page":{"pageItems":{"homePage":{"userId":"anonymous","storeId":"2110","cmsPage":{"uid":"homePage","uuid":"eyJpdGVtSWQiOiJob21lUGFnZSIsImNhdGFsb2dJZCI6IndpbGx5c0NvbnRlbnRDYXRhbG9nIiwiY2F0YWxvZ1ZlcnNpb24iOiJPbmxpbmUifQ==","title":"Handla billig mat online","description":"Hos oss kan du enkelt och billigt handla mat online. Vi har ett brett sortiment av mat och dryck och självklart ett stort ekologiskt utbud. Vår affärsidé: Sveriges billigaste matkasse!","canonical":"https://www.willys.se","template":"WillysHomepageTemplate","typeCode":"ContentPage","name":"Willys Homepage ","contentSlots":{"contentSlot":[{"key":"Position2LeftCol2Slot-Willys-Homepage","value":{"slotId":"Position2LeftCol2Slot-Willys-Homepage","slotUuid":"eyJpdGVtSWQiOiJQb3NpdGlvbjJMZWZ0Q29sMlNsb3QtV2lsbHlzLUhvbWVwYWdlIiwiY2F0YWxvZ0lkIjoid2lsbHlzQ29udGVudENhdGFsb2ciLCJjYXRhbG9nVmVyc2lvbiI6Ik9ubGluZSJ9","position":"Position2LeftCol2","name":"Position2LeftCol2","slotShared":false,"components":{"component":[]}}},{"key":"cs_00002JTK","value":{"slotId":"cs_00002JTK","slotUuid":"eyJpdGVtSWQiOiJjc18wMDAwMkpUSyIsImNhdGFsb2dJZCI6IndpbGx5c0NvbnRlbnRDYXRhbG9nIiwiY2F0YWxvZ1ZlcnNpb24iOiJPbmxpbmUifQ==","position":"MessageBox","name":"Default MessageBox for Willys Homepage","slotShared":false,"components":{"component":[]}}},{"key":"HeaderLeftSlot","value":{"slotId":"HeaderLeftSlot","slotUuid":"eyJpdGVtSWQiOiJIZWFkZXJMZWZ0U2xvdCIsImNhdGFsb2dJZCI6IndpbGx5c0NvbnRlbnRDYXRhbG9nIiwiY2F0YWxvZ1ZlcnNpb24iOiJPbmxpbmUifQ==","position":"HeaderLeft","name":"HeaderLeftSlot","slotShared":true,"components":{"component":[{"uid":"SiteLogoComponent","uuid":"eyJpdGVtSWQiOiJTaXRlTG9nb0NvbXBvbmVudCIsImNhdGFsb2dJZCI6IndpbGx5c0NvbnRlbnRDYXRhbG9nIiwiY2F0YWxvZ1ZlcnNpb24iOiJPbmxpbmUifQ==","typeCode":"SimpleBannerComponent","modifiedTime":"2022-10-27T15:00:45.898+02:00","name":"Site Logo Component","container":"false","external":"false","synchronizationBlocked":"false","media":{"code":"willys_logo.svg","mime":"image/svg+xml","altText":"Willys","url":"https://d2rfo6yapuixuu.cloudfront.net/he9/h4c/8878098546718/willys_logo.svg"},"urlLink":"/","target":"sameWindow"}]}}},{"key":"Position7Slot","value":{"slotId":"Position7Slot","slotUuid":"eyJpdGVtSWQiOiJQb3NpdGlvbjdTbG90IiwiY2F0YWxvZ0lkIjoid2lsbHlzQ29udGVudENhdGFsb2ciLCJjYXRhbG9nVmVyc2lvbiI6Ik9ubGluZSJ9","position":"Position7","name":"Position7Slot","slotShared":false,"components":{"component":[{"uid":"comp_000021BQ","uuid":"eyJpdGVtSWQiOiJjb21wXzAwMDAyMUJRIiwiY2F0YWxvZ0lkIjoid2lsbHlzQ29udGVudENhdGFsb2ciLCJjYXRhbG9nVmVyc2lvbiI6Ik9ubGluZSJ9","typeCode":"AxfoodResponsiveBannerComponent","modifiedTime":"2017-03-24T13:41:58.221+01:00","name":"Varumärkesbanner","container":"false","background":"#E60019","centerContent":"false","synchronizationBlocked":"false","fontcolor":"White","buttonEnabled":"false","cookieBanner":"false","showInApp":"false","content":"\u003ch2\u003e\u0026nbsp;V\u0026aring;r aff\u0026auml;rsid\u0026eacute;: \u003cbr\u003eSveriges billigaste matkasse.\u0026nbsp;\u003c/h2\u003e","article":"false"}]}}},{"key":"SearchRightSlot","value":{"slotId":"SearchRightSlot","slotUuid":"eyJpdGVtSWQiOiJTZWFyY2hSaWdodFNsb3QiLCJjYXRhbG9nSWQiOiJ3aWxseXNDb250ZW50Q2F0YWxvZyIsImNhdGFsb2dWZXJzaW9uIjoiT25saW5lIn0=","position":"SearchRight","name":"SearchRightSlot","slotShared":true,"components":{"component":[]}}},{"key":"Position2RightCol2Slot-Willys-Homepage","value":{"slotId":"Position2RightCol2Slot-Willys-Homepage","slotUuid":"eyJpdGVtSWQiOiJQb3NpdGlvbjJSaWdodENvbDJTbG90LVdpbGx5cy1Ib21lcGFnZSIsImNhdGFsb2dJZCI6IndpbGx5c0NvbnRlbnRDYXRhbG9nIiwiY2F0YWxvZ1ZlcnNpb24iOiJPbmxpbmUifQ==","position":"Position2RightCol2","name":"Position2RightCol2","slotShared":false,"components":{"component":[]}}},{"key":"NavigationLeftSlot","value":{"slotId":"NavigationLeftSlot","slotUuid":"eyJpdGVtSWQiOiJOYXZpZ2F0aW9uTGVmdFNsb3QiLCJjYXRhbG9nSWQiOiJ3aWxseXNDb250ZW50Q2F0YWxvZyIsImNhdGFsb2dWZXJzaW9uIjoiT25saW5lIn0=","position":"NavigationLeft","name":"NavigationLeftSlot","slotShared":true,"components":{"component":[{"uid":"LeftMenuComponent","uuid":"eyJpdGVtSWQiOiJMZWZ0TWVudUNvbXBvbmVudCIsImNhdGFsb2dJZCI6IndpbGx5c0NvbnRlbnRDYXRhbG9nIiwiY2F0YWxvZ1ZlcnNpb24iOiJPbmxpbmUifQ==","typeCode":"LeftMenuComponent","modifiedTime":"2016-02-20T11:15:52.978+01:00","name":"Left Menu Component","container":"false","linksRootNavigationNode":{"uid":"LeftMenuLinksNode"},"synchronizationBlocked":"false","categoryRootNavigationNode":{"uid":"NavigationRootNode"},"navigationNode":{"uid":"LeftMenuLinksNode","entries":[],"links":[{"external":false,"linkName":[{"key":"sv","value":"Erbjudanden"}],"target":false,"url":"/erbjudanden"},{"external":false,"linkName":[{"key":"sv","value":"Mina vanligaste varor"}],"target":false,"url":"/minavanligastevaror"}],"children":[{"uid":"Willys_Inspiration_","entries":[],"links":[{"external":false,"linkName":[{"key":"sv","value":"Äh, nu tar vi helg"}],"target":false,"url":"/artikel/helgmat"},{"external":false,"linkName":[{"key":"sv","value":"Börja grillfesten här"}],"target":false,"url":"/artikel/grill"},{"external":false,"linkName":[{"key":"sv","value":"Bra till sommaren"}],"target":false,"url":"/artikel/inspiration/braattha"},{"external":false,"linkName":[{"key":"sv","value":"Nyheter"}],"target":false,"url":"/artikel/inspiration/nyheter"},{"external":false,"linkName":[{"key":"sv","value":"Dragomir Mrsics helgkasse"}],"target":false,"url":"/artikel/dragomirshelgkasse"},{"external":false,"linkName":[{"key":"sv","value":"Fler färdiga helgkassar"}],"target":false,"url":"/artikel/helgkassar"}],"children":[],"title":"Inspiration"}]}}]}}},{"key":"Position1Slot-Willys-Homepage","value":{"slotId":"Position1Slot-Willys-Homepage","slotUuid":"eyJpdGVtSWQiOiJQb3NpdGlvbjFTbG90LVdpbGx5cy1Ib21lcGFnZSIsImNhdGFsb2dJZCI6IndpbGx5c0NvbnRlbnRDYXRhbG9nIiwiY2F0YWxvZ1ZlcnNpb24iOiJPbmxpbmUifQ==","position":"Position1","name":"Position1","slotShared":false,"components":{"component":[{"uid":"comp_0000GGMR","uuid":"eyJpdGVtSWQiOiJjb21wXzAwMDBHR01SIiwiY2F0YWxvZ0lkIjoid2lsbHlzQ29udGVudENhdGFsb2ciLCJjYXRhbG9nVmVyc2lvbiI6Ik9ubGluZSJ9","typeCode":"HorizontalBannerComponent","modifiedTime":"2023-05-17T13:42:09.466+02:00","name":"Hero helg mån-sön v22 2023","container":"false","titleTextColor":"white","preamble":"Helgmat till vardagspriser.","buttonColor":"white","preambleTextColor":"white","paddingRight":"PADDING_0","media":{"tablet":{"code":"helg_hero_2023_tablet_v22.jpg","mime":"image/jpeg","altText":"helg_hero_2023_tablet_v22.jpg","url":"https://d2rfo6yapuixuu.cloudfront.net/h2e/h49/14314220453918/helg_hero_2023_tablet_v22.jpg"},"desktop":{"code":"helg_hero_2023_desk_v22.jpg","mime":"image/jpeg","altText":"helg_hero_2023_desk_v22.jpg","url":"https://d2rfo6yapuixuu.cloudfront.net/haa/h42/14314218815518/helg_hero_2023_desk_v22.jpg"},"mobile":{"code":"helg_hero_2023_mobile_v22.jpg","mime":"image/jpeg","altText":"helg_hero_2023_mobile_v22.jpg","url":"https://d2rfo6yapuixuu.cloudfront.net/h72/ha2/14314219536414/helg_hero_2023_mobile_v22.jpg"},"widescreen":{"code":"helg_hero_2023_widescreen_v22.jpg","mime":"image/jpeg","altText":"helg_hero_2023_widescreen_v22.jpg","url":"https://d2rfo6yapuixuu.cloudfront.net/hda/h12/14314221043742/helg_hero_2023_widescreen_v22.jpg"}},"title":"Äh, nu tar vi helg!","paddingBottom":"PADDING_0","buttonEnabled":"true","paddingTop":"PADDING_0","buttonTextColor":"#e60019","titleMobile":"Äh, nu tar vi helg!","urlLink":"/artikel/helgmat","buttonText":"Till varorna","fontType":"MEDIUM","textAlign":"CENTER","titleBanner":"false","hideOverlay":"false","urlLinkInNewWindow":"false","titleTablet":"Äh, nu tar vi helg!","buttonPosition":"CENTER","preambleMobile":"Helgmat till vardagspriser.","preambleTablet":"Helgmat till vardagspriser.","synchronizationBlocked":"false","paddingLeft":"PADDING_0"}]}}},{"key":"Position5Slot","value":{"slotId":"Position5Slot","slotUuid":"eyJpdGVtSWQiOiJQb3NpdGlvbjVTbG90IiwiY2F0YWxvZ0lkIjoid2lsbHlzQ29udGVudENhdGFsb2ciLCJjYXRhbG9nVmVyc2lvbiI6Ik9ubGluZSJ9","position":"Position5","name":"Position5Slot","slotShared":false,"components":{"component":[{"uid":"comp_0000BMZL","uuid":"eyJpdGVtSWQiOiJjb21wXzAwMDBCTVpMIiwiY2F0YWxvZ0lkIjoid2lsbHlzQ29udGVudENhdGFsb2ciLCJjYXRhbG9nVmVyc2lvbiI6Ik9ubGluZSJ9","typeCode":"AxfoodProductBannerComponent","modifiedTime":"2022-06-07T17:10:45.357+02:00","name":"Populära varor 2021","container":"false","numberOfRowsTablet":"2","cartFilter":"true","scroll":"ONE","numberOfRowsMobile":"2","title":"Populära varor","popup":"true","displayType":"POPULAR_PRODUCTS","synchronizationBlocked":"false","useSpssSort":"true","minProducts":"7","numberOfRows":"1"},{"uid":"comp_0000GFU6","uuid":"eyJpdGVtSWQiOiJjb21wXzAwMDBHRlU2IiwiY2F0YWxvZ0lkIjoid2lsbHlzQ29udGVudENhdGFsb2ciLCJjYXRhbG9nVmVyc2lvbiI6Ik9ubGluZSJ9","typeCode":"TwoTilesButtonAndProductBannerComponent","modifiedTime":"2023-05-23T21:30:23.56+02:00","name":"TwoTiles Matmissionen v22 2023","imageClickAction":"URL_LINK","titleTextColor":"white","container":"false","preamble":"I början av sommaren öppnar Helsingborgs första sociala matbutik, Matmissionen, där människor i ekonomisk utsatthet kan handla mat till kraftigt reducerade priser. Willys stöttar butiken på flera olika sätt.","buttonText":"Läs mer här","backgroundColor":"#181818","buttonColor":"white","preambleTextColor":"white","imageAlignment":"LEFT","media":{"tablet":{"code":"matmissionen_v22_2023_tablet.jpg","mime":"image/jpeg","altText":"matmissionen_v22_2023_tablet.jpg","url":"https://d2rfo6yapuixuu.cloudfront.net/h71/hd5/14318025998366/matmissionen_v22_2023_tablet.jpg"},"desktop":{"code":"matmissionen_v22_2023_desktop.jpg","mime":"image/jpeg","altText":"matmissionen_v22_2023_desktop.jpg","url":"https://d2rfo6yapuixuu.cloudfront.net/h30/hd9/14318025867294/matmissionen_v22_2023_desktop.jpg"},"mobile":{"code":"matmissionen_v22_2023_mobile.jpg","mime":"image/jpeg","altText":"matmissionen_v22_2023_mobile.jpg","url":"https://d2rfo6yapuixuu.cloudfront.net/h1f/hd6/14318025932830/matmissionen_v22_2023_mobile.jpg"},"widescreen":{"code":"matmissionen_v22_2023_wide.jpg","mime":"image/jpeg","altText":"matmissionen_v22_2023_wide.jpg","url":"https://d2rfo6yapuixuu.cloudfront.net/hb4/h8a/14318026063902/matmissionen_v22_2023_wide.jpg"}},"showInApp":"false","title":"Stolt partner till ny social matbutik.","synchronizationBlocked":"false","buttonTextColor":"#181818","buttonAction":"URL_LINK","urlLink":"/artikel/om-oss/nyheter-och-press/nyhet/Skane_Stadsmission_oppnar_matmissionen"}]}}},{"key":"SearchBoxSlot","value":{"slotId":"SearchBoxSlot","slotUuid":"eyJpdGVtSWQiOiJTZWFyY2hCb3hTbG90IiwiY2F0YWxvZ0lkIjoid2lsbHlzQ29udGVudENhdGFsb2ciLCJjYXRhbG9nVmVyc2lvbiI6Ik9ubGluZSJ9","position":"SearchBox","name":"SearchBoxSlot","slotShared":true,"components":{"component":[{"uid":"SearchBox","uuid":"eyJpdGVtSWQiOiJTZWFyY2hCb3giLCJjYXRhbG9nSWQiOiJ3aWxseXNDb250ZW50Q2F0YWxvZyIsImNhdGFsb2dWZXJzaW9uIjoiT25saW5lIn0=","typeCode":"SearchBoxComponent","modifiedTime":"2017-06-26T15:27:57.986+02:00","name":"Search Box","container":"false","maxSuggestions":"5","maxProducts":"0","displaySuggestions":"true","synchronizationBlocked":"false","displayProducts":"false","displayProductImages":"false","waitTimeBeforeRequest":"500","minCharactersBeforeRequest":"2"}]}}},{"key":"Position2LeftCol1Slot-Willys-Homepage","value":{"slotId":"Position2LeftCol1Slot-Willys-Homepage","slotUuid":"eyJpdGVtSWQiOiJQb3NpdGlvbjJMZWZ0Q29sMVNsb3QtV2lsbHlzLUhvbWVwYWdlIiwiY2F0YWxvZ0lkIjoid2lsbHlzQ29udGVudENhdGFsb2ciLCJjYXRhbG9nVmVyc2lvbiI6Ik9ubGluZSJ9","position":"Position2LeftCol1","name":"Position2LeftCol1","slotShared":false,"components":{"component":[]}}},{"key":"Position2RightCol1Slot-Willys-Homepage","value":{"slotId":"Position2RightCol1Slot-Willys-Homepage","slotUuid":"eyJpdGVtSWQiOiJQb3NpdGlvbjJSaWdodENvbDFTbG90LVdpbGx5cy1Ib21lcGFnZSIsImNhdGFsb2dJZCI6IndpbGx5c0NvbnRlbnRDYXRhbG9nIiwiY2F0YWxvZ1ZlcnNpb24iOiJPbmxpbmUifQ==","position":"Position2RightCol1","name":"Position2RightCol1","slotShared":false,"components":{"component":[]}}},{"key":"HeaderCenterSlot","value":{"slotId":"HeaderCenterSlot","slotUuid":"eyJpdGVtSWQiOiJIZWFkZXJDZW50ZXJTbG90IiwiY2F0YWxvZ0lkIjoid2lsbHlzQ29udGVudENhdGFsb2ciLCJjYXRhbG9nVmVyc2lvbiI6Ik9ubGluZSJ9","position":"HeaderCenter","name":"HeaderCenterSlot","slotShared":true,"components":{"component":[{"uid":"WillysTopmenuLinksComponent","uuid":"eyJpdGVtSWQiOiJXaWxseXNUb3BtZW51TGlua3NDb21wb25lbnQiLCJjYXRhbG9nSWQiOiJ3aWxseXNDb250ZW50Q2F0YWxvZyIsImNhdGFsb2dWZXJzaW9uIjoiT25saW5lIn0=","typeCode":"AxfoodTopmenuLinksComponent","modifiedTime":"2016-02-20T11:15:51.78+01:00","name":"AxfoodTopmenuLinksComponent","container":"false","synchronizationBlocked":"false","navigationNode":{"uid":"WillysTopMenuLinksNavNode","entries":[],"links":[],"children":[{"uid":"willysCampaignNode","entries":[],"links":[{"external":false,"linkName":[{"key":"sv","value":"Erbjudanden"}],"target":false,"url":"/erbjudanden"}],"children":[],"title":"Erbjudanden"},{"uid":"willysStoreFinderNode","entries":[],"links":[{"external":false,"linkName":[{"key":"sv","value":"Hitta butik"}],"target":false,"url":"/butik-sok"}],"children":[],"title":"Hitta butik"},{"uid":"willysCustomerServiceNode","entries":[],"links":[{"external":false,"linkName":[{"key":"sv"}],"target":false,"url":"/artikel/kundservice"}],"children":[],"title":"Kundservice"},{"uid":"item_00003PHK","entries":[],"links":[{"external":false,"linkName":[{"key":"sv","value":"Willys Plus"}],"target":false,"url":"/artikel/om-oss/willys-plus"}],"children":[],"title":"Willys Plus"}],"title":"Willys Top Menu Navigation Node"}}]}}},{"key":"SearchLeftSlot","value":{"slotId":"SearchLeftSlot","slotUuid":"eyJpdGVtSWQiOiJTZWFyY2hMZWZ0U2xvdCIsImNhdGFsb2dJZCI6IndpbGx5c0NvbnRlbnRDYXRhbG9nIiwiY2F0YWxvZ1ZlcnNpb24iOiJPbmxpbmUifQ==","position":"SearchLeft","name":"SearchLeftSlot","slotShared":true,"components":{"component":[]}}},{"key":"Position6LeftSlot","value":{"slotId":"Position6LeftSlot","slotUuid":"eyJpdGVtSWQiOiJQb3NpdGlvbjZMZWZ0U2xvdCIsImNhdGFsb2dJZCI6IndpbGx5c0NvbnRlbnRDYXRhbG9nIiwiY2F0YWxvZ1ZlcnNpb24iOiJPbmxpbmUifQ==","position":"Position6Left","name":"Position6LeftSlot","slotShared":false,"components":{"component":[]}}},{"key":"Position3Slot","value":{"slotId":"Position3Slot","slotUuid":"eyJpdGVtSWQiOiJQb3NpdGlvbjNTbG90IiwiY2F0YWxvZ0lkIjoid2lsbHlzQ29udGVudENhdGFsb2ciLCJjYXRhbG9nVmVyc2lvbiI6Ik9ubGluZSJ9","position":"Position3","name":"Position3Slot","slotShared":false,"components":{"component":[{"uid":"willysPersonalElementComponent","uuid":"eyJpdGVtSWQiOiJ3aWxseXNQZXJzb25hbEVsZW1lbnRDb21wb25lbnQiLCJjYXRhbG9nSWQiOiJ3aWxseXNDb250ZW50Q2F0YWxvZyIsImNhdGFsb2dWZXJzaW9uIjoiT25saW5lIn0=","typeCode":"PersonalElementPlaceHolder","modifiedTime":"2023-02-15T08:47:58.083+01:00","name":"Willys Personal Element Component","container":"false","synchronizationBlocked":"false"},{"uid":"comp_0000GGMS","uuid":"eyJpdGVtSWQiOiJjb21wXzAwMDBHR01TIiwiY2F0YWxvZ0lkIjoid2lsbHlzQ29udGVudENhdGFsb2ciLCJjYXRhbG9nVmVyc2lvbiI6Ik9ubGluZSJ9","typeCode":"AxfoodProductBannerComponent","modifiedTime":"2023-05-23T21:29:01.711+02:00","name":"Veckans varor mån-sön v22 2023","container":"false","numberOfRowsTablet":"2","cartFilter":"false","scroll":"ONE","numberOfRowsMobile":"2","title":"Veckans varor","popup":"true","displayType":"SELECTED_PRODUCTS","synchronizationBlocked":"false","useSpssSort":"false","minProducts":"7","productCodes":"[\"100172876_KG\",\"101236336_ST\",\"101253220_KG\",\"101353676_ST\",\"100905763_ST\",\"100819633_ST\",\"100942660_ST\",\"101173840_ST\",\"100256107_KG\",\"101203891_ST\",\"101266950_ST\",\"100152914_ST\",\"100152914_KG\",\"100517406_ST\",\"101206890_ST\",\"101306763_ST\",\"101288882_ST\",\"101288882_KG\",\"101235709_ST\",\"101306765_ST\",\"100015109_ST\",\"101283860_KG\",\"100585047_ST\",\"101255404_ST\",\"101235667_ST\",\"101277147_ST\",\"101291352_ST\",\"101353677_ST\",\"100585172_ST\",\"101469945_ST\",\"100015092_ST\",\"101240597_ST\",\"100132296_ST\",\"101278894_ST\",\"101283841_KG\",\"101307277_ST\",\"101240169_ST\",\"101283428_ST\",\"101283868_KG\",\"101187302_ST\",\"101405978_ST\",\"101470014_ST\",\"101235682_ST\",\"101235715_ST\",\"101295569_ST\",\"101275800_ST\",\"101264854_ST\",\"101273570_ST\",\"101397161_ST\",\"101306894_ST\",\"100374462_ST\",\"101307279_ST\",\"101240624_ST\",\"100007136_KG\",\"101268689_ST\",\"100585056_ST\",\"101278621_ST\",\"101208470_KG\",\"101307185_ST\",\"101240617_ST\",\"101307278_ST\",\"100198386_ST\",\"101264939_ST\",\"101336169_ST\",\"101336170_ST\",\"100128719_ST\",\"101273572_ST\",\"101307286_ST\",\"101264825_ST\",\"101275789_ST\",\"101342291_ST\",\"101240658_ST\",\"101283394_ST\",\"101397851_ST\",\"101397385_ST\",\"101291222_ST\",\"101285729_ST\",\"101253219_KG\",\"101359419_ST\",\"101251343_ST\",\"101001513_ST\",\"101191452_ST\",\"101263734_ST\",\"100774066_ST\",\"101221729_ST\",\"101206349_ST\",\"101251337_ST\",\"101273571_ST\",\"101291236_ST\",\"101236339_ST\",\"101221728_ST\",\"101290773_ST\",\"101264893_ST\",\"101249773_ST\",\"100382211_ST\",\"101220064_ST\",\"101285651_ST\"]","numberOfRows":"1"},{"uid":"comp_0000GGMT","uuid":"eyJpdGVtSWQiOiJjb21wXzAwMDBHR01UIiwiY2F0YWxvZ0lkIjoid2lsbHlzQ29udGVudENhdGFsb2ciLCJjYXRhbG9nVmVyc2lvbiI6Ik9ubGluZSJ9","typeCode":"AxfoodProductBannerComponent","modifiedTime":"2023-05-23T21:29:02.176+02:00","name":"Balk grill v22 2023","container":"false","cartFilter":"false","scroll":"ONE","title":"Heta priser till grillen!","popup":"true","displayType":"SELECTED_PRODUCTS","gridPackages":"[\"Package_grill_v22_2023\"]","synchronizationBlocked":"false","useSpssSort":"false","minProducts":"7","productCodes":"[\"101253220_KG\",\"101291236_ST\",\"100771309_ST\",\"101133694_ST\",\"101236336_ST\",\"100152914_ST\",\"100152914_KG\",\"100172876_KG\",\"101282393_ST\",\"101264939_ST\",\"101174339_ST\",\"101291222_ST\",\"101281495_ST\",\"100819633_ST\",\"101268416_ST\",\"101301624_ST\",\"101206890_ST\",\"101265143_ST\",\"101048153_ST\",\"100057787_ST\",\"101264854_ST\",\"101208470_KG\",\"100128719_ST\",\"101245523_ST\",\"101236339_ST\",\"101334504_KG\",\"101264825_ST\",\"100013192_ST\",\"100942660_ST\",\"101275765_ST\",\"100192970_ST\",\"101475654_ST\",\"101285651_ST\",\"101251769_ST\"]","numberOfRows":"2"},{"uid":"comp_0000GGMB","uuid":"eyJpdGVtSWQiOiJjb21wXzAwMDBHR01CIiwiY2F0YWxvZ0lkIjoid2lsbHlzQ29udGVudENhdGFsb2ciLCJjYXRhbG9nVmVyc2lvbiI6Ik9ubGluZSJ9","typeCode":"MultiColumnContainerComponent","modifiedTime":"2023-05-12T16:01:13.284+02:00","name":"MultiColumn brickor v21 2023","container":"false","hideInApp":"false","hideInWeb":"false","synchronizationBlocked":"false","columnContainerData":{"uuid":"eyJpdGVtSWQiOiJDb2x1bW5fYnJpY2tvcl92MjFfMjAyMyIsImNhdGFsb2dJZCI6IndpbGx5c0NvbnRlbnRDYXRhbG9nIiwiY2F0YWxvZ1ZlcnNpb24iOiJPbmxpbmUifQ==","typeCode":"ColumnComponent","modifiedTime":"2023-05-12T16:02:02.534+02:00","name":"Column brickor v21 2023","container":"false","widthPercent":"100","synchronizationBlocked":"false","width":"WIDTH_100"}},{"uid":"comp_0000GFU2","uuid":"eyJpdGVtSWQiOiJjb21wXzAwMDBHRlUyIiwiY2F0YWxvZ0lkIjoid2lsbHlzQ29udGVudENhdGFsb2ciLCJjYXRhbG9nVmVyc2lvbiI6Ik9ubGluZSJ9","typeCode":"MultiColumnContainerComponent","modifiedTime":"2023-05-23T21:28:57.109+02:00","name":"MultiColumn brickor v22 2023","container":"false","hideInApp":"false","hideInWeb":"false","synchronizationBlocked":"false","columnContainerData":{"uuid":"eyJpdGVtSWQiOiJDb2x1bW5fYnJpY2tvcl92MjJfMjAyMyIsImNhdGFsb2dJZCI6IndpbGx5c0NvbnRlbnRDYXRhbG9nIiwiY2F0YWxvZ1ZlcnNpb24iOiJPbmxpbmUifQ==","typeCode":"ColumnComponent","modifiedTime":"2023-05-23T21:30:23.397+02:00","name":"Column_brickor_v22_2023","container":"false","widthPercent":"100","cmsComponentTypeCodes":"[\"TwoTilesButtonAndProductBannerComponent\",\"TwoTilesButtonAndProductBannerComponent\"]","synchronizationBlocked":"false","width":"WIDTH_100","cmsComponents":"[\"Twotiles_persika_v22_2023\",\"TwoTiles_glass_v22_2023\"]"}},{"uid":"comp_0000GI5A","uuid":"eyJpdGVtSWQiOiJjb21wXzAwMDBHSTVBIiwiY2F0YWxvZ0lkIjoid2lsbHlzQ29udGVudENhdGFsb2ciLCJjYXRhbG9nVmVyc2lvbiI6Ik9ubGluZSJ9","typeCode":"MultiColumnContainerComponent","modifiedTime":"2023-05-23T21:28:59.729+02:00","name":"MultiColumn brickor v23 2023","container":"false","hideInApp":"false","hideInWeb":"false","synchronizationBlocked":"false","columnContainerData":{"uuid":"eyJpdGVtSWQiOiJDb2x1bW5fYnJpY2tvcl92MjNfMjAyMyIsImNhdGFsb2dJZCI6IndpbGx5c0NvbnRlbnRDYXRhbG9nIiwiY2F0YWxvZ1ZlcnNpb24iOiJPbmxpbmUifQ==","typeCode":"ColumnComponent","modifiedTime":"2023-05-23T21:30:23.813+02:00","name":"Column brickor v23 2023","container":"false","widthPercent":"100","synchronizationBlocked":"false","width":"WIDTH_100"}},{"uid":"comp_0000GL8G","uuid":"eyJpdGVtSWQiOiJjb21wXzAwMDBHTDhHIiwiY2F0YWxvZ0lkIjoid2lsbHlzQ29udGVudENhdGFsb2ciLCJjYXRhbG9nVmVyc2lvbiI6Ik9ubGluZSJ9","typeCode":"MultiColumnContainerComponent","modifiedTime":"2023-05-29T11:52:22.235+02:00","name":"MultiColumn brickor v24 2023","container":"false","hideInApp":"false","hideInWeb":"false","synchronizationBlocked":"false","columnContainerData":{"uuid":"eyJpdGVtSWQiOiJDb2x1bW5fYnJpY2tvcl92MjRfMjAyMyIsImNhdGFsb2dJZCI6IndpbGx5c0NvbnRlbnRDYXRhbG9nIiwiY2F0YWxvZ1ZlcnNpb24iOiJPbmxpbmUifQ==","typeCode":"ColumnComponent","modifiedTime":"2023-05-29T11:53:26.953+02:00","name":"Column_brickor_v24_2023","container":"false","widthPercent":"100","synchronizationBlocked":"false","width":"WIDTH_100"}},{"uid":"comp_0000GFU3","uuid":"eyJpdGVtSWQiOiJjb21wXzAwMDBHRlUzIiwiY2F0YWxvZ0lkIjoid2lsbHlzQ29udGVudENhdGFsb2ciLCJjYXRhbG9nVmVyc2lvbiI6Ik9ubGluZSJ9","typeCode":"AxfoodProductBannerComponent","modifiedTime":"2023-05-23T21:28:57.325+02:00","name":"Balk vardagsmat v22 2023","container":"false","cartFilter":"false","scroll":"ONE","title":"Vardagsmat till goda priser!","popup":"true","displayType":"SELECTED_PRODUCTS","synchronizationBlocked":"false","useSpssSort":"false","minProducts":"7","productCodes":"[\"101266950_ST\",\"101261068_ST\",\"101123758_ST\",\"101328356_ST\",\"101275800_ST\",\"100269139_KG\",\"100148868_KG\",\"101339243_ST\",\"101329460_ST\",\"101058267_ST\",\"101283428_ST\",\"101229352_ST\",\"101267519_ST\",\"101270793_ST\",\"100007136_KG\",\"101274134_ST\",\"100152914_ST\",\"100152914_KG\",\"101329937_ST\",\"100149064_KG\",\"100150827_ST\",\"100150827_KG\",\"101361697_ST\",\"101325355_ST\",\"101066052_ST\",\"101187302_ST\",\"101260977_ST\",\"101004020_ST\",\"100819633_ST\",\"100517406_ST\",\"101319816_ST\",\"101423140_ST\",\"101263071_ST\",\"101249333_ST\",\"101249333_KG\",\"101236667_ST\",\"101173871_ST\"]","numberOfRows":"2"},{"uid":"comp_0000GGMD","uuid":"eyJpdGVtSWQiOiJjb21wXzAwMDBHR01EIiwiY2F0YWxvZ0lkIjoid2lsbHlzQ29udGVudENhdGFsb2ciLCJjYXRhbG9nVmVyc2lvbiI6Ik9ubGluZSJ9","typeCode":"AxfoodProductBannerComponent","modifiedTime":"2023-05-15T10:31:53.883+02:00","name":"Balk Dragomirs helgkasse tor v21-ons v22 2023","container":"false","cartFilter":"false","scroll":"ONE","title":"Ta helg som en TV-skurk!","popup":"true","displayType":"SELECTED_PRODUCTS","gridPackages":"[\"Package_dragomirshelgkasse_2023\"]","synchronizationBlocked":"false","useSpssSort":"false","minProducts":"7","productCodes":"[\"101291327_ST\",\"101244335_ST\",\"100393842_ST\",\"101183319_ST\",\"101241335_KG\",\"100137095_ST\",\"101239477_ST\",\"100879239_ST\",\"101307277_ST\",\"100956761_ST\",\"101249474_ST\",\"101231715_ST\",\"101197149_ST\",\"101058267_ST\",\"101203891_ST\",\"101351679_ST\",\"100330642_ST\",\"101285086_ST\",\"101189680_ST\",\"100404082_ST\",\"100256571_ST\"]","numberOfRows":"2"}]}}},{"key":"Position2LeftCol3Slot-Willys-Homepage","value":{"slotId":"Position2LeftCol3Slot-Willys-Homepage","slotUuid":"eyJpdGVtSWQiOiJQb3NpdGlvbjJMZWZ0Q29sM1Nsb3QtV2lsbHlzLUhvbWVwYWdlIiwiY2F0YWxvZ0lkIjoid2lsbHlzQ29udGVudENhdGFsb2ciLCJjYXRhbG9nVmVyc2lvbiI6Ik9ubGluZSJ9","position":"Position2LeftCol3","name":"Position2LeftCol3","slotShared":false,"components":{"component":[]}}},{"key":"Position6RightSlot","value":{"slotId":"Position6RightSlot","slotUuid":"eyJpdGVtSWQiOiJQb3NpdGlvbjZSaWdodFNsb3QiLCJjYXRhbG9nSWQiOiJ3aWxseXNDb250ZW50Q2F0YWxvZyIsImNhdGFsb2dWZXJzaW9uIjoiT25saW5lIn0=","position":"Position6Right","name":"Position6RightSlot","slotShared":false,"components":{"component":[]}}},{"key":"Content-usp-Willys-Homepage","value":{"slotId":"Content-usp-Willys-Homepage","slotUuid":"eyJpdGVtSWQiOiJDb250ZW50LXVzcC1XaWxseXMtSG9tZXBhZ2UiLCJjYXRhbG9nSWQiOiJ3aWxseXNDb250ZW50Q2F0YWxvZyIsImNhdGFsb2dWZXJzaW9uIjoiT25saW5lIn0=","position":"Content-usp-Willys-Homepage","name":"Content-usp-Willys-Homepage","slotShared":false,"components":{"component":[{"uid":"comp_00007S3I","uuid":"eyJpdGVtSWQiOiJjb21wXzAwMDA3UzNJIiwiY2F0YWxvZ0lkIjoid2lsbHlzQ29udGVudENhdGFsb2ciLCJjYXRhbG9nVmVyc2lvbiI6Ik9ubGluZSJ9","typeCode":"AxfoodContentUspCmsComponent","modifiedTime":"2023-03-22T08:24:33.273+01:00","name":"Willys USP:ar","container":"false","hideInDesktop":"false","contentUsps":"[\"USP_Matpriskollen_v22_2021\",\"Nykundskod\",\"NYKUNDSkod\",\"jobbahososs_USP\"]","synchronizationBlocked":"false","hideInTablet":"false"}]}}},{"key":"Position2RightCol3Slot-Willys-Homepage","value":{"slotId":"Position2RightCol3Slot-Willys-Homepage","slotUuid":"eyJpdGVtSWQiOiJQb3NpdGlvbjJSaWdodENvbDNTbG90LVdpbGx5cy1Ib21lcGFnZSIsImNhdGFsb2dJZCI6IndpbGx5c0NvbnRlbnRDYXRhbG9nIiwiY2F0YWxvZ1ZlcnNpb24iOiJPbmxpbmUifQ==","position":"Position2RightCol3","name":"Position2RightCol3","slotShared":false,"components":{"component":[]}}},{"key":"Position2LeftSlot","value":{"slotId":"Position2LeftSlot","slotUuid":"eyJpdGVtSWQiOiJQb3NpdGlvbjJMZWZ0U2xvdCIsImNhdGFsb2dJZCI6IndpbGx5c0NvbnRlbnRDYXRhbG9nIiwiY2F0YWxvZ1ZlcnNpb24iOiJPbmxpbmUifQ==","position":"Position2Left","name":"Position2LeftSlot","slotShared":false,"components":{"component":[{"uid":"comp_00001CMG","uuid":"eyJpdGVtSWQiOiJjb21wXzAwMDAxQ01HIiwiY2F0YWxvZ0lkIjoid2lsbHlzQ29udGVudENhdGFsb2ciLCJjYXRhbG9nVmVyc2lvbiI6Ik9ubGluZSJ9","typeCode":"AxfoodResponsiveBannerComponent","modifiedTime":"2016-11-01T15:21:40.787+01:00","name":"AxfoodResponsiveBannerComponent","container":"false","imageHeightDesktop":"310","centerContent":"false","imageHeightMobile":"373","showInApp":"false","media":{"tablet":{"code":"Willys_Testkund_768px.jpg","mime":"image/jpeg","altText":"Willys_Testkund_768px.jpg","url":"https://d2rfo6yapuixuu.cloudfront.net/h57/hd3/8864437305374/Willys_Testkund_768px.jpg"},"desktop":{"code":"Willys_Testkund_1280px.jpg","mime":"image/jpeg","altText":"Willys_Testkund_1280px.jpg","url":"https://d2rfo6yapuixuu.cloudfront.net/h46/hd0/8864437239838/Willys_Testkund_1280px.jpg"},"mobile":{"code":"Willys_testkund_320px.jpg","mime":"image/jpeg","altText":"Willys_testkund_320px.jpg","url":"https://d2rfo6yapuixuu.cloudfront.net/haf/hd3/8864437338142/Willys_testkund_320px.jpg"},"widescreen":{"code":"Willys_Testkund_1440px.jpg","mime":"image/jpeg","altText":"Willys_Testkund_1440px.jpg","url":"https://d2rfo6yapuixuu.cloudfront.net/hb0/hd0/8864437272606/Willys_Testkund_1440px.jpg"}},"article":"false","imageHeightTablet":"373","synchronizationBlocked":"false","buttonEnabled":"false","cookieBanner":"false","urlLink":"https://handla.willys.se/testkund"}]}}},{"key":"FooterCenterSlot","value":{"slotId":"FooterCenterSlot","slotUuid":"eyJpdGVtSWQiOiJGb290ZXJDZW50ZXJTbG90IiwiY2F0YWxvZ0lkIjoid2lsbHlzQ29udGVudENhdGFsb2ciLCJjYXRhbG9nVmVyc2lvbiI6Ik9ubGluZSJ9","position":"FooterCenter","name":"FooterCenterSlot","slotShared":true,"components":{"component":[{"uid":"FooterComponent","uuid":"eyJpdGVtSWQiOiJGb290ZXJDb21wb25lbnQiLCJjYXRhbG9nSWQiOiJ3aWxseXNDb250ZW50Q2F0YWxvZyIsImNhdGFsb2dWZXJzaW9uIjoiT25saW5lIn0=","typeCode":"AxfoodFooterComponent","modifiedTime":"2017-09-27T08:19:53.961+02:00","name":"Länkar sidfot","container":"false","socialLinks":{"instagram":{"container":"false","uid":"instagram","external":"false","name":"Instagram","synchronizationBlocked":"false","uuid":"eyJpdGVtSWQiOiJpbnN0YWdyYW0iLCJjYXRhbG9nSWQiOiJ3aWxseXNDb250ZW50Q2F0YWxvZyIsImNhdGFsb2dWZXJzaW9uIjoiT25saW5lIn0=","linkName":"Instagram","url":"https://www.instagram.com","typeCode":"CMSLinkComponent","target":"newWindow"},"twitter":{"container":"false","uid":"twitter","external":"false","name":"Twitter","synchronizationBlocked":"false","uuid":"eyJpdGVtSWQiOiJ0d2l0dGVyIiwiY2F0YWxvZ0lkIjoid2lsbHlzQ29udGVudENhdGFsb2ciLCJjYXRhbG9nVmVyc2lvbiI6Ik9ubGluZSJ9","linkName":"Twitter","url":"https://www.twitter.com","typeCode":"CMSLinkComponent","target":"newWindow"},"facebook":{"container":"false","uid":"facebook","external":"false","name":"Facebook","synchronizationBlocked":"false","uuid":"eyJpdGVtSWQiOiJmYWNlYm9vayIsImNhdGFsb2dJZCI6IndpbGx5c0NvbnRlbnRDYXRhbG9nIiwiY2F0YWxvZ1ZlcnNpb24iOiJPbmxpbmUifQ==","linkName":"Facebook","url":"www.facebook.com/Willys","typeCode":"CMSLinkComponent","target":"newWindow"}},"coreLinks":{"my-willy-plus":{"container":"false","uid":"my-willy-plus","external":"false","name":"My Willy+","synchronizationBlocked":"false","uuid":"eyJpdGVtSWQiOiJteS13aWxseS1wbHVzIiwiY2F0YWxvZ0lkIjoid2lsbHlzQ29udGVudENhdGFsb2ciLCJjYXRhbG9nVmVyc2lvbiI6Ik9ubGluZSJ9","linkName":"Mitt konto","url":"/#/mitt-konto","typeCode":"CMSLinkComponent","target":"sameWindow"}},"showLanguageCurrency":"false","wrapAfter":"0","synchronizationBlocked":"false","bottomLinks":{"WillysFooterCopyrightText":{"container":"false","uid":"WillysFooterCopyrightText","external":"false","name":"Willys Footer Copyright Text","synchronizationBlocked":"false","uuid":"eyJpdGVtSWQiOiJXaWxseXNGb290ZXJDb3B5cmlnaHRUZXh0IiwiY2F0YWxvZ0lkIjoid2lsbHlzQ29udGVudENhdGFsb2ciLCJjYXRhbG9nVmVyc2lvbiI6Ik9ubGluZSJ9","linkName":"©Willys","typeCode":"CMSLinkComponent","target":"sameWindow"}},"navigationNode":{"uid":"WillysFooterLinksNavNode","entries":[],"links":[],"children":[{"uid":"WillysFooterLinksLeftNode","entries":[],"links":[],"children":[{"uid":"WillysAboutNode","entries":[],"links":[{"external":false,"linkName":[{"key":"sv","value":"Om oss"}],"target":false,"url":"/artikel/om-oss"}],"children":[{"uid":"WillysVarHistoriaPageNode","entries":[],"links":[{"external":false,"linkName":[{"key":"sv","value":"Vår historia"}],"target":false,"url":"/artikel/om-oss/var-historia"}],"children":[],"title":"Vår historia"},{"uid":"WillysVarAffarsidePageNode","entries":[],"links":[{"external":false,"linkName":[{"key":"sv","value":"Vår affärsidé"}],"target":false,"url":"/artikel/om-oss/var-affarside"}],"children":[],"title":"Vår affärsidé"},{"uid":"WillysAllaRattTillBraMatPageNode","entries":[],"links":[{"external":false,"linkName":[{"key":"sv","value":"Allas rätt till bra mat"}],"target":false,"url":"/artikel/om-oss/allas-ratt-till-bra-mat"}],"children":[],"title":"Bra mat för alla"},{"uid":"WillysSustainabilityNode","entries":[],"links":[{"external":false,"linkName":[{"key":"sv","value":"Hållbarhet"}],"target":false,"url":"/artikel/om-oss/hallbarhet"}],"children":[{"uid":"WillysGreenRedNode","entries":[],"links":[{"external":false,"linkName":[{"key":"sv","value":"Resurseffektiva butiker"}],"target":false,"url":"/artikel/om-oss/hallbarhet/grona-butiker-roda-priser"}],"children":[{"uid":"Vår klimatpåverkan","entries":[],"links":[{"external":false,"linkName":[{"key":"sv","value":"Vår klimatpåverkan"}],"target":false,"url":"/artikel/om-oss/hallbarhet/var-klimatpaverkan"}],"children":[],"title":"Vår klimatpåverkan"}],"title":"Resurseffektiva butiker"},{"uid":"WillysGoodEnvironmentalNode","entries":[],"links":[{"external":false,"linkName":[{"key":"sv","value":"Bra miljöval"}],"target":false,"url":"/artikel/om-oss/hallbarhet/bra-miljoval"}],"children":[{"uid":"WillysPVCNode","entries":[],"links":[{"external":false,"linkName":[{"key":"sv","value":"PVC"}],"target":false,"url":"/artikel/om-oss/hallbarhet/bra-miljoval/pvc"}],"children":[],"title":"PVC"},{"uid":"WillysEcoLabeledToysNode","entries":[],"links":[{"external":false,"linkName":[{"key":"sv","value":"Miljömärkta leksaker"}],"target":false,"url":"/artikel/om-oss/hallbarhet/bra-miljoval/miljomarkta-leksaker"}],"children":[],"title":"Miljömärkta leksaker"}],"title":"Bra miljöval"},{"uid":"WillysAnsvarsfulltSortimentPageNode","entries":[],"links":[{"external":false,"linkName":[{"key":"sv","value":"Ansvarsfullt sortiment"}],"target":false,"url":"/artikel/om-oss/hallbarhet/ansvarsfullt-sortiment"}],"children":[],"title":"Ansvarsfullt sortiment"},{"uid":"WillysWasteSmartNode","entries":[],"links":[{"external":false,"linkName":[{"key":"sv","value":"Svinnsmart"}],"target":false,"url":"/artikel/om-oss/hallbarhet/svinnsmart"}],"children":[{"uid":"WillysOurGoalNode","entries":[],"links":[{"external":false,"linkName":[{"key":"sv","value":"Vår målsättning"}],"target":false,"url":"/artikel/om-oss/hallbarhet/svinnsmart/var-malsattning"}],"children":[],"title":"Vår målsättning"},{"uid":"WillysBecomeWasteSmartNode","entries":[],"links":[{"external":false,"linkName":[{"key":"sv","value":"Bli svinnsmart"}],"target":false,"url":"/artikel/om-oss/hallbarhet/svinnsmart/bli-svinnsmart"}],"children":[],"title":"Bli svinnsmart"},{"uid":"WillysWasteSmartCooperationNode","entries":[],"links":[{"external":false,"linkName":[{"key":"sv","value":"Svinnsmarta samarbeten"}],"target":false,"url":"/artikel/om-oss/hallbarhet/svinnsmart/svinnsmarta-samarbeten"}],"children":[],"title":"Svinnsmarta samarbeten"},{"uid":"WillysReduceWasteNode","entries":[],"links":[{"external":false,"linkName":[{"key":"sv","value":"Så minskar vi matsvinnet"}],"target":false,"url":"/artikel/om-oss/hallbarhet/svinnsmart/sa-minskar-vi-matsvinnet"}],"children":[],"title":"Så minskar vi matsvinnet"},{"uid":"WillysDenHarMatenSlangsMestNode","entries":[],"links":[{"external":false,"linkName":[{"key":"sv","value":"Den här maten slängs mest"}],"target":false,"url":"/artikel/om-oss/hallbarhet/svinnsmart/undersokning"}],"children":[],"title":"Den här maten slängs mest"},{"uid":"WillysFoodCommissionNode","entries":[],"links":[{"external":false,"linkName":[{"key":"sv","value":"Matmissionen"}],"target":false,"url":"/artikel/om-oss/hallbarhet/svinnsmart/matmissionen"}],"children":[],"title":"Matmissionen"},{"uid":"WillysVaraSvinnsmartaProdukterNode","entries":[],"links":[{"external":false,"linkName":[{"key":"sv","value":"Våra svinnsmarta produkter"}],"target":false,"url":"/artikel/om-oss/hallbarhet/svinnsmart/varor"}],"children":[],"title":"Våra svinnsmarta produkter"}],"title":"Svinnsmart"},{"uid":"WillysSaveTheChildrenNode","entries":[],"links":[{"external":false,"linkName":[{"key":"sv","value":"Rädda Barnen"}],"target":false,"url":"/artikel/om-oss/hallbarhet/samhallsengagemang"}],"children":[],"title":"Samhällsengagemang"}],"title":"Hållbarhet"},{"uid":"WillysNewsNode","entries":[],"links":[{"external":false,"linkName":[{"key":"sv","value":"Nyheter \u0026 press"}],"target":false,"url":"/artikel/om-oss/nyheter-och-press"}],"children":[],"title":"Nyheter \u0026 press"},{"uid":"WillysWillysPlusNode","entries":[],"links":[{"external":false,"linkName":[{"key":"sv","value":"Willys Plus"}],"target":false,"url":"/artikel/om-oss/willys-plus"}],"children":[{"uid":"WillysBetterDealNode","entries":[],"links":[{"external":false,"linkName":[{"key":"sv","value":"En ännu bättre affär"}],"target":false,"url":"/artikel/om-oss/willys-plus/en-annu-battre-affar"}],"children":[],"title":"En ännu bättre affär"},{"uid":"WillysWillysPlusPaFleraSprakNode","entries":[],"links":[{"external":false,"linkName":[{"key":"sv","value":"Willys plus på flera språk"}],"target":false,"url":"/artikel/om-oss/willys-plus/willys-plus-pa-flera-sprak"}],"children":[],"title":"Willys Plus på flera språk"},{"uid":"WillysUtanPersonnummer","entries":[],"links":[{"external":false,"linkName":[{"key":"sv","value":"Ansluta utan personnnummer"}],"target":false,"url":"/artikel/om-oss/willys-plus/utan-personnummer"}],"children":[],"title":"Ansluta utan personnummer"}],"title":"Willys Plus"},{"uid":"Willys Dataskydd Node","entries":[],"links":[{"external":false,"linkName":[{"key":"sv","value":"Dataskydd"}],"target":false,"url":"/artikel/villkor-dataskydd"}],"children":[{"uid":"Node Integritetspolicy","entries":[],"links":[{"external":false,"linkName":[{"key":"sv","value":"Integritetspolicy"}],"target":false,"url":"/artikel/integritetspolicy"}],"children":[],"title":"Integritetspolicy"}],"title":"Dataskydd"},{"uid":"CookieSettings","entries":[],"links":[],"children":[],"title":"Cookie-inställningar"}],"title":"Om oss"},{"uid":"WillysCustomerServiceNode","entries":[],"links":[{"external":false,"linkName":[{"key":"sv","value":"Kundservice"}],"target":false,"url":"/artikel/kundservice"}],"children":[{"uid":"WillysContactNode","entries":[],"links":[{"external":false,"linkName":[{"key":"sv","value":"Kontakta oss"}],"target":false,"url":"/artikel/kundservice/kontakta-oss"}],"children":[],"title":"Kontakta oss"},{"uid":"WillysFAQNode","entries":[],"links":[{"external":false,"linkName":[{"key":"sv","value":"Vanliga frågor \u0026 svar"}],"target":false,"url":"/artikel/kundservice/vanliga-fragor-och-svar"}],"children":[],"title":"Vanliga frågor \u0026 svar"},{"uid":"WillysEhandelNode","entries":[],"links":[{"external":false,"linkName":[{"key":"sv","value":"Vår e-handel"}],"target":false,"url":"/artikel/ehandla"}],"children":[],"title":"Vår e-handel"},{"uid":"WillysWarrantyNode","entries":[],"links":[{"external":false,"linkName":[{"key":"sv","value":"Våra garantier"}],"target":false,"url":"/artikel/kundservice/vara-garantier"}],"children":[],"title":"Våra garantier"},{"uid":"WillysECommerceTermsNode","entries":[],"links":[{"external":false,"linkName":[{"key":"sv","value":"Villkor e-handel"}],"target":false,"url":"/artikel/kundservice/villkor-e-handel"}],"children":[],"title":"Villkor e-handel"},{"uid":"WillysWillysPlusTerms2Node","entries":[],"links":[{"external":false,"linkName":[{"key":"sv","value":"Villkor Willys Plus"}],"target":false,"url":"/kundservice/villkor-for-willys-plus"}],"children":[],"title":"Villkor Willys Plus"},{"uid":"Willys E-handel företag","entries":[],"links":[{"external":false,"linkName":[{"key":"sv","value":"E-handel företag"}],"target":false,"url":"/artikel/foretag"}],"children":[{"uid":"Företagstider","entries":[],"links":[{"external":false,"linkName":[{"key":"sv","value":"Här kan du e-handla som företag"}],"target":false,"url":"/foretagstider"}],"children":[],"title":"Här kan du e-handla som företag"}],"title":"E-handel företag"}],"title":"Kundservice"},{"uid":"WillysWorkNode","entries":[],"links":[{"external":true,"linkName":[{"key":"sv","value":"Jobba hos oss"}],"target":true,"url":"https://www.willys.se/artikel/jobbahososs"}],"children":[{"uid":"WillysLedigaTjansterWorkNode","entries":[],"links":[{"external":true,"linkName":[{"key":"sv","value":"Lediga tjänster"}],"target":false,"url":"https://jobb.axfood.se/willys/go/Willys/3661901/?locale=sv_SE"}],"children":[],"title":"Lediga tjänster"},{"uid":"WillysUtvecklashosossWorkNode","entries":[],"links":[{"external":false,"linkName":[{"key":"sv","value":"Utvecklas hos oss"}],"target":false,"url":"/artikel/utvecklashososs"}],"children":[],"title":"Utvecklas hos oss"},{"uid":"WillysJobbapaWillysWorkNode","entries":[],"links":[{"external":false,"linkName":[{"key":"sv","value":"Jobba på Willys"}],"target":false,"url":"/artikel/jobbapawillys"}],"children":[],"title":"Jobba på Willys"},{"uid":"WillysVararollerWorkNode","entries":[],"links":[{"external":false,"linkName":[{"key":"sv","value":"Våra roller"}],"target":false,"url":"/artikel/vararoller"}],"children":[],"title":"Våra roller"},{"uid":"WillysFAQWorkNode","entries":[],"links":[{"external":false,"linkName":[{"key":"sv","value":"Frågor \u0026 svar om våra jobb"}],"target":false,"url":"/artikel/kundservice/vanliga-fragor-och-svar"}],"children":[],"title":"Frågor \u0026 svar om våra jobb"}],"title":"Jobba hos oss"}]},{"uid":"WillysFooterLinksRightNode","entries":[],"links":[],"children":[{"uid":"WillysFooterCampaignNode","entries":[],"links":[{"external":false,"linkName":[{"key":"sv","value":"Erbjudanden"}],"target":false,"url":"/erbjudanden"}],"children":[],"title":"Erbjudanden"},{"uid":"WillysFooterStoreFinderNode","entries":[],"links":[{"external":false,"linkName":[{"key":"sv","value":"Hitta butik"}],"target":false,"url":"/butik-sok"},{"external":false,"linkName":[{"key":"sv","value":"Hitta butik"}],"target":false,"url":"/butik-sok"}],"children":[],"title":"Hitta butik"},{"uid":"WillysFooterWillysPlusNode","entries":[],"links":[{"external":false,"linkName":[{"key":"sv","value":"Bli Willys Plus-kund"}],"target":false,"url":"/anvandare/identifiera"}],"children":[],"title":"Bli Willys Plus-kund"}],"title":"Willys Footer Right Navigation Node"}],"title":"Willys Footer Navigation Node"}}]}}},{"key":"Position2RightSlot","value":{"slotId":"Position2RightSlot","slotUuid":"eyJpdGVtSWQiOiJQb3NpdGlvbjJSaWdodFNsb3QiLCJjYXRhbG9nSWQiOiJ3aWxseXNDb250ZW50Q2F0YWxvZyIsImNhdGFsb2dWZXJzaW9uIjoiT25saW5lIn0=","position":"Position2Right","name":"Position2RightSlot","slotShared":false,"components":{"component":[{"uid":"comp_00001CMH","uuid":"eyJpdGVtSWQiOiJjb21wXzAwMDAxQ01IIiwiY2F0YWxvZ0lkIjoid2lsbHlzQ29udGVudENhdGFsb2ciLCJjYXRhbG9nVmVyc2lvbiI6Ik9ubGluZSJ9","typeCode":"AxfoodResponsiveBannerComponent","modifiedTime":"2016-11-01T15:21:40.755+01:00","name":"AxfoodResponsiveBannerComponent","container":"false","imageHeightDesktop":"310","centerContent":"false","imageHeightMobile":"373","showInApp":"false","media":{"tablet":{"code":"Willys_tomat_768px.jpg","mime":"image/jpeg","altText":"Willys_tomat_768px.jpg","url":"https://d2rfo6yapuixuu.cloudfront.net/h6e/hd7/8864437469214/Willys_tomat_768px.jpg"},"desktop":{"code":"Willys_tomat_1280px.jpg","mime":"image/jpeg","altText":"Willys_tomat_1280px.jpg","url":"https://d2rfo6yapuixuu.cloudfront.net/h18/hd4/8864437370910/Willys_tomat_1280px.jpg"},"mobile":{"code":"Willys_tomat_320px.jpg","mime":"image/jpeg","altText":"Willys_tomat_320px.jpg","url":"https://d2rfo6yapuixuu.cloudfront.net/h17/hd7/8864437436446/Willys_tomat_320px.jpg"},"widescreen":{"code":"Willys_tomat_1440px.jpg","mime":"image/jpeg","altText":"Willys_tomat_1440px.jpg","url":"https://d2rfo6yapuixuu.cloudfront.net/hbf/hd6/8864437403678/Willys_tomat_1440px.jpg"}},"article":"false","imageHeightTablet":"373","synchronizationBlocked":"false","buttonEnabled":"false","cookieBanner":"false"}]}}}]},"breadcrumbs":[]}},"categoryPage":{"userId":"anonymous","storeId":"2110","cmsPage":{"uid":"categoryPage","uuid":"eyJpdGVtSWQiOiJjYXRlZ29yeVBhZ2UiLCJjYXRhbG9nSWQiOiJ3aWxseXNDb250ZW50Q2F0YWxvZyIsImNhdGFsb2dWZXJzaW9uIjoiT25saW5lIn0=","canonical":"https://www.willys.se","template":"WillysShoppingTemplate","typeCode":"ContentPage","name":"Willys Category Page","contentSlots":{"contentSlot":[{"key":"Position1Slot-Category","value":{"slotId":"Position1Slot-Category","slotUuid":"eyJpdGVtSWQiOiJQb3NpdGlvbjFTbG90LUNhdGVnb3J5IiwiY2F0YWxvZ0lkIjoid2lsbHlzQ29udGVudENhdGFsb2ciLCJjYXRhbG9nVmVyc2lvbiI6Ik9ubGluZSJ9","position":"Position1","name":"Position1","slotShared":false,"components":{"component":[{"uid":"ProductListComponent","uuid":"eyJpdGVtSWQiOiJQcm9kdWN0TGlzdENvbXBvbmVudCIsImNhdGFsb2dJZCI6IndpbGx5c0NvbnRlbnRDYXRhbG9nIiwiY2F0YWxvZ1ZlcnNpb24iOiJPbmxpbmUifQ==","typeCode":"CMSProductListComponent","modifiedTime":"2016-02-20T11:34:09.738+01:00","name":"Product List Component","container":"false","synchronizationBlocked":"false"}]}}},{"key":"HeaderCenterSlot","value":{"slotId":"HeaderCenterSlot","slotUuid":"eyJpdGVtSWQiOiJIZWFkZXJDZW50ZXJTbG90IiwiY2F0YWxvZ0lkIjoid2lsbHlzQ29udGVudENhdGFsb2ciLCJjYXRhbG9nVmVyc2lvbiI6Ik9ubGluZSJ9","position":"HeaderCenter","name":"HeaderCenterSlot","slotShared":true,"components":{"component":[{"uid":"WillysTopmenuLinksComponent","uuid":"eyJpdGVtSWQiOiJXaWxseXNUb3BtZW51TGlua3NDb21wb25lbnQiLCJjYXRhbG9nSWQiOiJ3aWxseXNDb250ZW50Q2F0YWxvZyIsImNhdGFsb2dWZXJzaW9uIjoiT25saW5lIn0=","typeCode":"AxfoodTopmenuLinksComponent","modifiedTime":"2016-02-20T11:15:51.78+01:00","name":"AxfoodTopmenuLinksComponent","container":"false","synchronizationBlocked":"false","navigationNode":{"uid":"WillysTopMenuLinksNavNode","entries":[],"links":[],"children":[{"uid":"willysCampaignNode","entries":[],"links":[{"external":false,"linkName":[{"key":"sv","value":"Erbjudanden"}],"target":false,"url":"/erbjudanden"}],"children":[],"title":"Erbjudanden"},{"uid":"willysStoreFinderNode","entries":[],"links":[{"external":false,"linkName":[{"key":"sv","value":"Hitta butik"}],"target":false,"url":"/butik-sok"}],"children":[],"title":"Hitta butik"},{"uid":"willysCustomerServiceNode","entries":[],"links":[{"external":false,"linkName":[{"key":"sv"}],"target":false,"url":"/artikel/kundservice"}],"children":[],"title":"Kundservice"},{"uid":"item_00003PHK","entries":[],"links":[{"external":false,"linkName":[{"key":"sv","value":"Willys Plus"}],"target":false,"url":"/artikel/om-oss/willys-plus"}],"children":[],"title":"Willys Plus"}],"title":"Willys Top Menu Navigation Node"}}]}}},{"key":"SearchLeftSlot","value":{"slotId":"SearchLeftSlot","slotUuid":"eyJpdGVtSWQiOiJTZWFyY2hMZWZ0U2xvdCIsImNhdGFsb2dJZCI6IndpbGx5c0NvbnRlbnRDYXRhbG9nIiwiY2F0YWxvZ1ZlcnNpb24iOiJPbmxpbmUifQ==","position":"SearchLeft","name":"SearchLeftSlot","slotShared":true,"components":{"component":[]}}},{"key":"Position3Slot-Category","value":{"slotId":"Position3Slot-Category","slotUuid":"eyJpdGVtSWQiOiJQb3NpdGlvbjNTbG90LUNhdGVnb3J5IiwiY2F0YWxvZ0lkIjoid2lsbHlzQ29udGVudENhdGFsb2ciLCJjYXRhbG9nVmVyc2lvbiI6Ik9ubGluZSJ9","position":"Position3","name":"Position3","slotShared":false,"components":{"component":[]}}},{"key":"HeaderLeftSlot","value":{"slotId":"HeaderLeftSlot","slotUuid":"eyJpdGVtSWQiOiJIZWFkZXJMZWZ0U2xvdCIsImNhdGFsb2dJZCI6IndpbGx5c0NvbnRlbnRDYXRhbG9nIiwiY2F0YWxvZ1ZlcnNpb24iOiJPbmxpbmUifQ==","position":"HeaderLeft","name":"HeaderLeftSlot","slotShared":true,"components":{"component":[{"uid":"SiteLogoComponent","uuid":"eyJpdGVtSWQiOiJTaXRlTG9nb0NvbXBvbmVudCIsImNhdGFsb2dJZCI6IndpbGx5c0NvbnRlbnRDYXRhbG9nIiwiY2F0YWxvZ1ZlcnNpb24iOiJPbmxpbmUifQ==","typeCode":"SimpleBannerComponent","modifiedTime":"2022-10-27T15:00:45.898+02:00","name":"Site Logo Component","container":"false","external":"false","synchronizationBlocked":"false","media":{"code":"willys_logo.svg","mime":"image/svg+xml","altText":"Willys","url":"https://d2rfo6yapuixuu.cloudfront.net/he9/h4c/8878098546718/willys_logo.svg"},"urlLink":"/","target":"sameWindow"}]}}},{"key":"SearchRightSlot","value":{"slotId":"SearchRightSlot","slotUuid":"eyJpdGVtSWQiOiJTZWFyY2hSaWdodFNsb3QiLCJjYXRhbG9nSWQiOiJ3aWxseXNDb250ZW50Q2F0YWxvZyIsImNhdGFsb2dWZXJzaW9uIjoiT25saW5lIn0=","position":"SearchRight","name":"SearchRightSlot","slotShared":true,"components":{"component":[]}}},{"key":"NavigationLeftSlot","value":{"slotId":"NavigationLeftSlot","slotUuid":"eyJpdGVtSWQiOiJOYXZpZ2F0aW9uTGVmdFNsb3QiLCJjYXRhbG9nSWQiOiJ3aWxseXNDb250ZW50Q2F0YWxvZyIsImNhdGFsb2dWZXJzaW9uIjoiT25saW5lIn0=","position":"NavigationLeft","name":"NavigationLeftSlot","slotShared":true,"components":{"component":[{"uid":"LeftMenuComponent","uuid":"eyJpdGVtSWQiOiJMZWZ0TWVudUNvbXBvbmVudCIsImNhdGFsb2dJZCI6IndpbGx5c0NvbnRlbnRDYXRhbG9nIiwiY2F0YWxvZ1ZlcnNpb24iOiJPbmxpbmUifQ==","typeCode":"LeftMenuComponent","modifiedTime":"2016-02-20T11:15:52.978+01:00","name":"Left Menu Component","container":"false","linksRootNavigationNode":{"uid":"LeftMenuLinksNode"},"synchronizationBlocked":"false","categoryRootNavigationNode":{"uid":"NavigationRootNode"},"navigationNode":{"uid":"LeftMenuLinksNode","entries":[],"links":[{"external":false,"linkName":[{"key":"sv","value":"Erbjudanden"}],"target":false,"url":"/erbjudanden"},{"external":false,"linkName":[{"key":"sv","value":"Mina vanligaste varor"}],"target":false,"url":"/minavanligastevaror"}],"children":[{"uid":"Willys_Inspiration_","entries":[],"links":[{"external":false,"linkName":[{"key":"sv","value":"Äh, nu tar vi helg"}],"target":false,"url":"/artikel/helgmat"},{"external":false,"linkName":[{"key":"sv","value":"Börja grillfesten här"}],"target":false,"url":"/artikel/grill"},{"external":false,"linkName":[{"key":"sv","value":"Bra till sommaren"}],"target":false,"url":"/artikel/inspiration/braattha"},{"external":false,"linkName":[{"key":"sv","value":"Nyheter"}],"target":false,"url":"/artikel/inspiration/nyheter"},{"external":false,"linkName":[{"key":"sv","value":"Dragomir Mrsics helgkasse"}],"target":false,"url":"/artikel/dragomirshelgkasse"},{"external":false,"linkName":[{"key":"sv","value":"Fler färdiga helgkassar"}],"target":false,"url":"/artikel/helgkassar"}],"children":[],"title":"Inspiration"}]}}]}}},{"key":"SearchBoxSlot","value":{"slotId":"SearchBoxSlot","slotUuid":"eyJpdGVtSWQiOiJTZWFyY2hCb3hTbG90IiwiY2F0YWxvZ0lkIjoid2lsbHlzQ29udGVudENhdGFsb2ciLCJjYXRhbG9nVmVyc2lvbiI6Ik9ubGluZSJ9","position":"SearchBox","name":"SearchBoxSlot","slotShared":true,"components":{"component":[{"uid":"SearchBox","uuid":"eyJpdGVtSWQiOiJTZWFyY2hCb3giLCJjYXRhbG9nSWQiOiJ3aWxseXNDb250ZW50Q2F0YWxvZyIsImNhdGFsb2dWZXJzaW9uIjoiT25saW5lIn0=","typeCode":"SearchBoxComponent","modifiedTime":"2017-06-26T15:27:57.986+02:00","name":"Search Box","container":"false","maxSuggestions":"5","maxProducts":"0","displaySuggestions":"true","synchronizationBlocked":"false","displayProducts":"false","displayProductImages":"false","waitTimeBeforeRequest":"500","minCharactersBeforeRequest":"2"}]}}},{"key":"MessageBoxSlot","value":{"slotId":"MessageBoxSlot","slotUuid":"eyJpdGVtSWQiOiJNZXNzYWdlQm94U2xvdCIsImNhdGFsb2dJZCI6IndpbGx5c0NvbnRlbnRDYXRhbG9nIiwiY2F0YWxvZ1ZlcnNpb24iOiJPbmxpbmUifQ==","position":"MessageBox","name":"MessageBoxSlot","slotShared":true,"components":{"component":[{"uid":"DeliveryContainer","uuid":"eyJpdGVtSWQiOiJEZWxpdmVyeUNvbnRhaW5lciIsImNhdGFsb2dJZCI6IndpbGx5c0NvbnRlbnRDYXRhbG9nIiwiY2F0YWxvZ1ZlcnNpb24iOiJPbmxpbmUifQ==","typeCode":"AxfoodDeliveryClosableContainer","modifiedTime":"2016-02-20T11:34:10.356+01:00","name":"Delivery Container","container":"true","synchronizationBlocked":"false"}]}}},{"key":"FooterCenterSlot","value":{"slotId":"FooterCenterSlot","slotUuid":"eyJpdGVtSWQiOiJGb290ZXJDZW50ZXJTbG90IiwiY2F0YWxvZ0lkIjoid2lsbHlzQ29udGVudENhdGFsb2ciLCJjYXRhbG9nVmVyc2lvbiI6Ik9ubGluZSJ9","position":"FooterCenter","name":"FooterCenterSlot","slotShared":true,"components":{"component":[{"uid":"FooterComponent","uuid":"eyJpdGVtSWQiOiJGb290ZXJDb21wb25lbnQiLCJjYXRhbG9nSWQiOiJ3aWxseXNDb250ZW50Q2F0YWxvZyIsImNhdGFsb2dWZXJzaW9uIjoiT25saW5lIn0=","typeCode":"AxfoodFooterComponent","modifiedTime":"2017-09-27T08:19:53.961+02:00","name":"Länkar sidfot","container":"false","socialLinks":{"instagram":{"container":"false","uid":"instagram","external":"false","name":"Instagram","synchronizationBlocked":"false","uuid":"eyJpdGVtSWQiOiJpbnN0YWdyYW0iLCJjYXRhbG9nSWQiOiJ3aWxseXNDb250ZW50Q2F0YWxvZyIsImNhdGFsb2dWZXJzaW9uIjoiT25saW5lIn0=","linkName":"Instagram","url":"https://www.instagram.com","typeCode":"CMSLinkComponent","target":"newWindow"},"twitter":{"container":"false","uid":"twitter","external":"false","name":"Twitter","synchronizationBlocked":"false","uuid":"eyJpdGVtSWQiOiJ0d2l0dGVyIiwiY2F0YWxvZ0lkIjoid2lsbHlzQ29udGVudENhdGFsb2ciLCJjYXRhbG9nVmVyc2lvbiI6Ik9ubGluZSJ9","linkName":"Twitter","url":"https://www.twitter.com","typeCode":"CMSLinkComponent","target":"newWindow"},"facebook":{"container":"false","uid":"facebook","external":"false","name":"Facebook","synchronizationBlocked":"false","uuid":"eyJpdGVtSWQiOiJmYWNlYm9vayIsImNhdGFsb2dJZCI6IndpbGx5c0NvbnRlbnRDYXRhbG9nIiwiY2F0YWxvZ1ZlcnNpb24iOiJPbmxpbmUifQ==","linkName":"Facebook","url":"www.facebook.com/Willys","typeCode":"CMSLinkComponent","target":"newWindow"}},"coreLinks":{"my-willy-plus":{"container":"false","uid":"my-willy-plus","external":"false","name":"My Willy+","synchronizationBlocked":"false","uuid":"eyJpdGVtSWQiOiJteS13aWxseS1wbHVzIiwiY2F0YWxvZ0lkIjoid2lsbHlzQ29udGVudENhdGFsb2ciLCJjYXRhbG9nVmVyc2lvbiI6Ik9ubGluZSJ9","linkName":"Mitt konto","url":"/#/mitt-konto","typeCode":"CMSLinkComponent","target":"sameWindow"}},"showLanguageCurrency":"false","wrapAfter":"0","synchronizationBlocked":"false","bottomLinks":{"WillysFooterCopyrightText":{"container":"false","uid":"WillysFooterCopyrightText","external":"false","name":"Willys Footer Copyright Text","synchronizationBlocked":"false","uuid":"eyJpdGVtSWQiOiJXaWxseXNGb290ZXJDb3B5cmlnaHRUZXh0IiwiY2F0YWxvZ0lkIjoid2lsbHlzQ29udGVudENhdGFsb2ciLCJjYXRhbG9nVmVyc2lvbiI6Ik9ubGluZSJ9","linkName":"©Willys","typeCode":"CMSLinkComponent","target":"sameWindow"}},"navigationNode":{"uid":"WillysFooterLinksNavNode","entries":[],"links":[],"children":[{"uid":"WillysFooterLinksLeftNode","entries":[],"links":[],"children":[{"uid":"WillysAboutNode","entries":[],"links":[{"external":false,"linkName":[{"key":"sv","value":"Om oss"}],"target":false,"url":"/artikel/om-oss"}],"children":[{"uid":"WillysVarHistoriaPageNode","entries":[],"links":[{"external":false,"linkName":[{"key":"sv","value":"Vår historia"}],"target":false,"url":"/artikel/om-oss/var-historia"}],"children":[],"title":"Vår historia"},{"uid":"WillysVarAffarsidePageNode","entries":[],"links":[{"external":false,"linkName":[{"key":"sv","value":"Vår affärsidé"}],"target":false,"url":"/artikel/om-oss/var-affarside"}],"children":[],"title":"Vår affärsidé"},{"uid":"WillysAllaRattTillBraMatPageNode","entries":[],"links":[{"external":false,"linkName":[{"key":"sv","value":"Allas rätt till bra mat"}],"target":false,"url":"/artikel/om-oss/allas-ratt-till-bra-mat"}],"children":[],"title":"Bra mat för alla"},{"uid":"WillysSustainabilityNode","entries":[],"links":[{"external":false,"linkName":[{"key":"sv","value":"Hållbarhet"}],"target":false,"url":"/artikel/om-oss/hallbarhet"}],"children":[{"uid":"WillysGreenRedNode","entries":[],"links":[{"external":false,"linkName":[{"key":"sv","value":"Resurseffektiva butiker"}],"target":false,"url":"/artikel/om-oss/hallbarhet/grona-butiker-roda-priser"}],"children":[{"uid":"Vår klimatpåverkan","entries":[],"links":[{"external":false,"linkName":[{"key":"sv","value":"Vår klimatpåverkan"}],"target":false,"url":"/artikel/om-oss/hallbarhet/var-klimatpaverkan"}],"children":[],"title":"Vår klimatpåverkan"}],"title":"Resurseffektiva butiker"},{"uid":"WillysGoodEnvironmentalNode","entries":[],"links":[{"external":false,"linkName":[{"key":"sv","value":"Bra miljöval"}],"target":false,"url":"/artikel/om-oss/hallbarhet/bra-miljoval"}],"children":[{"uid":"WillysPVCNode","entries":[],"links":[{"external":false,"linkName":[{"key":"sv","value":"PVC"}],"target":false,"url":"/artikel/om-oss/hallbarhet/bra-miljoval/pvc"}],"children":[],"title":"PVC"},{"uid":"WillysEcoLabeledToysNode","entries":[],"links":[{"external":false,"linkName":[{"key":"sv","value":"Miljömärkta leksaker"}],"target":false,"url":"/artikel/om-oss/hallbarhet/bra-miljoval/miljomarkta-leksaker"}],"children":[],"title":"Miljömärkta leksaker"}],"title":"Bra miljöval"},{"uid":"WillysAnsvarsfulltSortimentPageNode","entries":[],"links":[{"external":false,"linkName":[{"key":"sv","value":"Ansvarsfullt sortiment"}],"target":false,"url":"/artikel/om-oss/hallbarhet/ansvarsfullt-sortiment"}],"children":[],"title":"Ansvarsfullt sortiment"},{"uid":"WillysWasteSmartNode","entries":[],"links":[{"external":false,"linkName":[{"key":"sv","value":"Svinnsmart"}],"target":false,"url":"/artikel/om-oss/hallbarhet/svinnsmart"}],"children":[{"uid":"WillysOurGoalNode","entries":[],"links":[{"external":false,"linkName":[{"key":"sv","value":"Vår målsättning"}],"target":false,"url":"/artikel/om-oss/hallbarhet/svinnsmart/var-malsattning"}],"children":[],"title":"Vår målsättning"},{"uid":"WillysBecomeWasteSmartNode","entries":[],"links":[{"external":false,"linkName":[{"key":"sv","value":"Bli svinnsmart"}],"target":false,"url":"/artikel/om-oss/hallbarhet/svinnsmart/bli-svinnsmart"}],"children":[],"title":"Bli svinnsmart"},{"uid":"WillysWasteSmartCooperationNode","entries":[],"links":[{"external":false,"linkName":[{"key":"sv","value":"Svinnsmarta samarbeten"}],"target":false,"url":"/artikel/om-oss/hallbarhet/svinnsmart/svinnsmarta-samarbeten"}],"children":[],"title":"Svinnsmarta samarbeten"},{"uid":"WillysReduceWasteNode","entries":[],"links":[{"external":false,"linkName":[{"key":"sv","value":"Så minskar vi matsvinnet"}],"target":false,"url":"/artikel/om-oss/hallbarhet/svinnsmart/sa-minskar-vi-matsvinnet"}],"children":[],"title":"Så minskar vi matsvinnet"},{"uid":"WillysDenHarMatenSlangsMestNode","entries":[],"links":[{"external":false,"linkName":[{"key":"sv","value":"Den här maten slängs mest"}],"target":false,"url":"/artikel/om-oss/hallbarhet/svinnsmart/undersokning"}],"children":[],"title":"Den här maten slängs mest"},{"uid":"WillysFoodCommissionNode","entries":[],"links":[{"external":false,"linkName":[{"key":"sv","value":"Matmissionen"}],"target":false,"url":"/artikel/om-oss/hallbarhet/svinnsmart/matmissionen"}],"children":[],"title":"Matmissionen"},{"uid":"WillysVaraSvinnsmartaProdukterNode","entries":[],"links":[{"external":false,"linkName":[{"key":"sv","value":"Våra svinnsmarta produkter"}],"target":false,"url":"/artikel/om-oss/hallbarhet/svinnsmart/varor"}],"children":[],"title":"Våra svinnsmarta produkter"}],"title":"Svinnsmart"},{"uid":"WillysSaveTheChildrenNode","entries":[],"links":[{"external":false,"linkName":[{"key":"sv","value":"Rädda Barnen"}],"target":false,"url":"/artikel/om-oss/hallbarhet/samhallsengagemang"}],"children":[],"title":"Samhällsengagemang"}],"title":"Hållbarhet"},{"uid":"WillysNewsNode","entries":[],"links":[{"external":false,"linkName":[{"key":"sv","value":"Nyheter \u0026 press"}],"target":false,"url":"/artikel/om-oss/nyheter-och-press"}],"children":[],"title":"Nyheter \u0026 press"},{"uid":"WillysWillysPlusNode","entries":[],"links":[{"external":false,"linkName":[{"key":"sv","value":"Willys Plus"}],"target":false,"url":"/artikel/om-oss/willys-plus"}],"children":[{"uid":"WillysBetterDealNode","entries":[],"links":[{"external":false,"linkName":[{"key":"sv","value":"En ännu bättre affär"}],"target":false,"url":"/artikel/om-oss/willys-plus/en-annu-battre-affar"}],"children":[],"title":"En ännu bättre affär"},{"uid":"WillysWillysPlusPaFleraSprakNode","entries":[],"links":[{"external":false,"linkName":[{"key":"sv","value":"Willys plus på flera språk"}],"target":false,"url":"/artikel/om-oss/willys-plus/willys-plus-pa-flera-sprak"}],"children":[],"title":"Willys Plus på flera språk"},{"uid":"WillysUtanPersonnummer","entries":[],"links":[{"external":false,"linkName":[{"key":"sv","value":"Ansluta utan personnnummer"}],"target":false,"url":"/artikel/om-oss/willys-plus/utan-personnummer"}],"children":[],"title":"Ansluta utan personnummer"}],"title":"Willys Plus"},{"uid":"Willys Dataskydd Node","entries":[],"links":[{"external":false,"linkName":[{"key":"sv","value":"Dataskydd"}],"target":false,"url":"/artikel/villkor-dataskydd"}],"children":[{"uid":"Node Integritetspolicy","entries":[],"links":[{"external":false,"linkName":[{"key":"sv","value":"Integritetspolicy"}],"target":false,"url":"/artikel/integritetspolicy"}],"children":[],"title":"Integritetspolicy"}],"title":"Dataskydd"},{"uid":"CookieSettings","entries":[],"links":[],"children":[],"title":"Cookie-inställningar"}],"title":"Om oss"},{"uid":"WillysCustomerServiceNode","entries":[],"links":[{"external":false,"linkName":[{"key":"sv","value":"Kundservice"}],"target":false,"url":"/artikel/kundservice"}],"children":[{"uid":"WillysContactNode","entries":[],"links":[{"external":false,"linkName":[{"key":"sv","value":"Kontakta oss"}],"target":false,"url":"/artikel/kundservice/kontakta-oss"}],"children":[],"title":"Kontakta oss"},{"uid":"WillysFAQNode","entries":[],"links":[{"external":false,"linkName":[{"key":"sv","value":"Vanliga frågor \u0026 svar"}],"target":false,"url":"/artikel/kundservice/vanliga-fragor-och-svar"}],"children":[],"title":"Vanliga frågor \u0026 svar"},{"uid":"WillysEhandelNode","entries":[],"links":[{"external":false,"linkName":[{"key":"sv","value":"Vår e-handel"}],"target":false,"url":"/artikel/ehandla"}],"children":[],"title":"Vår e-handel"},{"uid":"WillysWarrantyNode","entries":[],"links":[{"external":false,"linkName":[{"key":"sv","value":"Våra garantier"}],"target":false,"url":"/artikel/kundservice/vara-garantier"}],"children":[],"title":"Våra garantier"},{"uid":"WillysECommerceTermsNode","entries":[],"links":[{"external":false,"linkName":[{"key":"sv","value":"Villkor e-handel"}],"target":false,"url":"/artikel/kundservice/villkor-e-handel"}],"children":[],"title":"Villkor e-handel"},{"uid":"WillysWillysPlusTerms2Node","entries":[],"links":[{"external":false,"linkName":[{"key":"sv","value":"Villkor Willys Plus"}],"target":false,"url":"/kundservice/villkor-for-willys-plus"}],"children":[],"title":"Villkor Willys Plus"},{"uid":"Willys E-handel företag","entries":[],"links":[{"external":false,"linkName":[{"key":"sv","value":"E-handel företag"}],"target":false,"url":"/artikel/foretag"}],"children":[{"uid":"Företagstider","entries":[],"links":[{"external":false,"linkName":[{"key":"sv","value":"Här kan du e-handla som företag"}],"target":false,"url":"/foretagstider"}],"children":[],"title":"Här kan du e-handla som företag"}],"title":"E-handel företag"}],"title":"Kundservice"},{"uid":"WillysWorkNode","entries":[],"links":[{"external":true,"linkName":[{"key":"sv","value":"Jobba hos oss"}],"target":true,"url":"https://www.willys.se/artikel/jobbahososs"}],"children":[{"uid":"WillysLedigaTjansterWorkNode","entries":[],"links":[{"external":true,"linkName":[{"key":"sv","value":"Lediga tjänster"}],"target":false,"url":"https://jobb.axfood.se/willys/go/Willys/3661901/?locale=sv_SE"}],"children":[],"title":"Lediga tjänster"},{"uid":"WillysUtvecklashosossWorkNode","entries":[],"links":[{"external":false,"linkName":[{"key":"sv","value":"Utvecklas hos oss"}],"target":false,"url":"/artikel/utvecklashososs"}],"children":[],"title":"Utvecklas hos oss"},{"uid":"WillysJobbapaWillysWorkNode","entries":[],"links":[{"external":false,"linkName":[{"key":"sv","value":"Jobba på Willys"}],"target":false,"url":"/artikel/jobbapawillys"}],"children":[],"title":"Jobba på Willys"},{"uid":"WillysVararollerWorkNode","entries":[],"links":[{"external":false,"linkName":[{"key":"sv","value":"Våra roller"}],"target":false,"url":"/artikel/vararoller"}],"children":[],"title":"Våra roller"},{"uid":"WillysFAQWorkNode","entries":[],"links":[{"external":false,"linkName":[{"key":"sv","value":"Frågor \u0026 svar om våra jobb"}],"target":false,"url":"/artikel/kundservice/vanliga-fragor-och-svar"}],"children":[],"title":"Frågor \u0026 svar om våra jobb"}],"title":"Jobba hos oss"}]},{"uid":"WillysFooterLinksRightNode","entries":[],"links":[],"children":[{"uid":"WillysFooterCampaignNode","entries":[],"links":[{"external":false,"linkName":[{"key":"sv","value":"Erbjudanden"}],"target":false,"url":"/erbjudanden"}],"children":[],"title":"Erbjudanden"},{"uid":"WillysFooterStoreFinderNode","entries":[],"links":[{"external":false,"linkName":[{"key":"sv","value":"Hitta butik"}],"target":false,"url":"/butik-sok"},{"external":false,"linkName":[{"key":"sv","value":"Hitta butik"}],"target":false,"url":"/butik-sok"}],"children":[],"title":"Hitta butik"},{"uid":"WillysFooterWillysPlusNode","entries":[],"links":[{"external":false,"linkName":[{"key":"sv","value":"Bli Willys Plus-kund"}],"target":false,"url":"/anvandare/identifiera"}],"children":[],"title":"Bli Willys Plus-kund"}],"title":"Willys Footer Right Navigation Node"}],"title":"Willys Footer Navigation Node"}}]}}}]},"breadcrumbs":[]}}},"productBannerItems":{},"uspsItems":{},"pageIsFetching":false,"cmsComponents":{},"promotionCampaigns":{},"promotionTab":"ehandel"},"modals":{"changeOrder":{"visible":false},"orderCloseTimePassed":{"visible":false},"emptyCart":{"visible":false}},"wishlist":{"reload":false}}},"customProps":{"homePageData":{"uid":"homePage","uuid":"eyJpdGVtSWQiOiJob21lUGFnZSIsImNhdGFsb2dJZCI6IndpbGx5c0NvbnRlbnRDYXRhbG9nIiwiY2F0YWxvZ1ZlcnNpb24iOiJPbmxpbmUifQ==","title":"Handla billig mat online","description":"Hos oss kan du enkelt och billigt handla mat online. Vi har ett brett sortiment av mat och dryck och självklart ett stort ekologiskt utbud. Vår affärsidé: Sveriges billigaste matkasse!","canonical":"https://www.willys.se","template":"WillysHomepageTemplate","typeCode":"ContentPage","name":"Willys Homepage ","contentSlots":{"contentSlot":[{"key":"Position2LeftCol2Slot-Willys-Homepage","value":{"slotId":"Position2LeftCol2Slot-Willys-Homepage","slotUuid":"eyJpdGVtSWQiOiJQb3NpdGlvbjJMZWZ0Q29sMlNsb3QtV2lsbHlzLUhvbWVwYWdlIiwiY2F0YWxvZ0lkIjoid2lsbHlzQ29udGVudENhdGFsb2ciLCJjYXRhbG9nVmVyc2lvbiI6Ik9ubGluZSJ9","position":"Position2LeftCol2","name":"Position2LeftCol2","slotShared":false,"components":{"component":[]}}},{"key":"cs_00002JTK","value":{"slotId":"cs_00002JTK","slotUuid":"eyJpdGVtSWQiOiJjc18wMDAwMkpUSyIsImNhdGFsb2dJZCI6IndpbGx5c0NvbnRlbnRDYXRhbG9nIiwiY2F0YWxvZ1ZlcnNpb24iOiJPbmxpbmUifQ==","position":"MessageBox","name":"Default MessageBox for Willys Homepage","slotShared":false,"components":{"component":[]}}},{"key":"HeaderLeftSlot","value":{"slotId":"HeaderLeftSlot","slotUuid":"eyJpdGVtSWQiOiJIZWFkZXJMZWZ0U2xvdCIsImNhdGFsb2dJZCI6IndpbGx5c0NvbnRlbnRDYXRhbG9nIiwiY2F0YWxvZ1ZlcnNpb24iOiJPbmxpbmUifQ==","position":"HeaderLeft","name":"HeaderLeftSlot","slotShared":true,"components":{"component":[{"uid":"SiteLogoComponent","uuid":"eyJpdGVtSWQiOiJTaXRlTG9nb0NvbXBvbmVudCIsImNhdGFsb2dJZCI6IndpbGx5c0NvbnRlbnRDYXRhbG9nIiwiY2F0YWxvZ1ZlcnNpb24iOiJPbmxpbmUifQ==","typeCode":"SimpleBannerComponent","modifiedTime":"2022-10-27T15:00:45.898+02:00","name":"Site Logo Component","container":"false","external":"false","synchronizationBlocked":"false","media":{"code":"willys_logo.svg","mime":"image/svg+xml","altText":"Willys","url":"https://d2rfo6yapuixuu.cloudfront.net/he9/h4c/8878098546718/willys_logo.svg"},"urlLink":"/","target":"sameWindow"}]}}},{"key":"Position7Slot","value":{"slotId":"Position7Slot","slotUuid":"eyJpdGVtSWQiOiJQb3NpdGlvbjdTbG90IiwiY2F0YWxvZ0lkIjoid2lsbHlzQ29udGVudENhdGFsb2ciLCJjYXRhbG9nVmVyc2lvbiI6Ik9ubGluZSJ9","position":"Position7","name":"Position7Slot","slotShared":false,"components":{"component":[{"uid":"comp_000021BQ","uuid":"eyJpdGVtSWQiOiJjb21wXzAwMDAyMUJRIiwiY2F0YWxvZ0lkIjoid2lsbHlzQ29udGVudENhdGFsb2ciLCJjYXRhbG9nVmVyc2lvbiI6Ik9ubGluZSJ9","typeCode":"AxfoodResponsiveBannerComponent","modifiedTime":"2017-03-24T13:41:58.221+01:00","name":"Varumärkesbanner","container":"false","background":"#E60019","centerContent":"false","synchronizationBlocked":"false","fontcolor":"White","buttonEnabled":"false","cookieBanner":"false","showInApp":"false","content":"\u003ch2\u003e\u0026nbsp;V\u0026aring;r aff\u0026auml;rsid\u0026eacute;: \u003cbr\u003eSveriges billigaste matkasse.\u0026nbsp;\u003c/h2\u003e","article":"false"}]}}},{"key":"SearchRightSlot","value":{"slotId":"SearchRightSlot","slotUuid":"eyJpdGVtSWQiOiJTZWFyY2hSaWdodFNsb3QiLCJjYXRhbG9nSWQiOiJ3aWxseXNDb250ZW50Q2F0YWxvZyIsImNhdGFsb2dWZXJzaW9uIjoiT25saW5lIn0=","position":"SearchRight","name":"SearchRightSlot","slotShared":true,"components":{"component":[]}}},{"key":"Position2RightCol2Slot-Willys-Homepage","value":{"slotId":"Position2RightCol2Slot-Willys-Homepage","slotUuid":"eyJpdGVtSWQiOiJQb3NpdGlvbjJSaWdodENvbDJTbG90LVdpbGx5cy1Ib21lcGFnZSIsImNhdGFsb2dJZCI6IndpbGx5c0NvbnRlbnRDYXRhbG9nIiwiY2F0YWxvZ1ZlcnNpb24iOiJPbmxpbmUifQ==","position":"Position2RightCol2","name":"Position2RightCol2","slotShared":false,"components":{"component":[]}}},{"key":"NavigationLeftSlot","value":{"slotId":"NavigationLeftSlot","slotUuid":"eyJpdGVtSWQiOiJOYXZpZ2F0aW9uTGVmdFNsb3QiLCJjYXRhbG9nSWQiOiJ3aWxseXNDb250ZW50Q2F0YWxvZyIsImNhdGFsb2dWZXJzaW9uIjoiT25saW5lIn0=","position":"NavigationLeft","name":"NavigationLeftSlot","slotShared":true,"components":{"component":[{"uid":"LeftMenuComponent","uuid":"eyJpdGVtSWQiOiJMZWZ0TWVudUNvbXBvbmVudCIsImNhdGFsb2dJZCI6IndpbGx5c0NvbnRlbnRDYXRhbG9nIiwiY2F0YWxvZ1ZlcnNpb24iOiJPbmxpbmUifQ==","typeCode":"LeftMenuComponent","modifiedTime":"2016-02-20T11:15:52.978+01:00","name":"Left Menu Component","container":"false","linksRootNavigationNode":{"uid":"LeftMenuLinksNode"},"synchronizationBlocked":"false","categoryRootNavigationNode":{"uid":"NavigationRootNode"},"navigationNode":{"uid":"LeftMenuLinksNode","entries":[],"links":[{"external":false,"linkName":[{"key":"sv","value":"Erbjudanden"}],"target":false,"url":"/erbjudanden"},{"external":false,"linkName":[{"key":"sv","value":"Mina vanligaste varor"}],"target":false,"url":"/minavanligastevaror"}],"children":[{"uid":"Willys_Inspiration_","entries":[],"links":[{"external":false,"linkName":[{"key":"sv","value":"Äh, nu tar vi helg"}],"target":false,"url":"/artikel/helgmat"},{"external":false,"linkName":[{"key":"sv","value":"Börja grillfesten här"}],"target":false,"url":"/artikel/grill"},{"external":false,"linkName":[{"key":"sv","value":"Bra till sommaren"}],"target":false,"url":"/artikel/inspiration/braattha"},{"external":false,"linkName":[{"key":"sv","value":"Nyheter"}],"target":false,"url":"/artikel/inspiration/nyheter"},{"external":false,"linkName":[{"key":"sv","value":"Dragomir Mrsics helgkasse"}],"target":false,"url":"/artikel/dragomirshelgkasse"},{"external":false,"linkName":[{"key":"sv","value":"Fler färdiga helgkassar"}],"target":false,"url":"/artikel/helgkassar"}],"children":[],"title":"Inspiration"}]}}]}}},{"key":"Position1Slot-Willys-Homepage","value":{"slotId":"Position1Slot-Willys-Homepage","slotUuid":"eyJpdGVtSWQiOiJQb3NpdGlvbjFTbG90LVdpbGx5cy1Ib21lcGFnZSIsImNhdGFsb2dJZCI6IndpbGx5c0NvbnRlbnRDYXRhbG9nIiwiY2F0YWxvZ1ZlcnNpb24iOiJPbmxpbmUifQ==","position":"Position1","name":"Position1","slotShared":false,"components":{"component":[{"uid":"comp_0000GGMR","uuid":"eyJpdGVtSWQiOiJjb21wXzAwMDBHR01SIiwiY2F0YWxvZ0lkIjoid2lsbHlzQ29udGVudENhdGFsb2ciLCJjYXRhbG9nVmVyc2lvbiI6Ik9ubGluZSJ9","typeCode":"HorizontalBannerComponent","modifiedTime":"2023-05-17T13:42:09.466+02:00","name":"Hero helg mån-sön v22 2023","container":"false","titleTextColor":"white","preamble":"Helgmat till vardagspriser.","buttonColor":"white","preambleTextColor":"white","paddingRight":"PADDING_0","media":{"tablet":{"code":"helg_hero_2023_tablet_v22.jpg","mime":"image/jpeg","altText":"helg_hero_2023_tablet_v22.jpg","url":"https://d2rfo6yapuixuu.cloudfront.net/h2e/h49/14314220453918/helg_hero_2023_tablet_v22.jpg"},"desktop":{"code":"helg_hero_2023_desk_v22.jpg","mime":"image/jpeg","altText":"helg_hero_2023_desk_v22.jpg","url":"https://d2rfo6yapuixuu.cloudfront.net/haa/h42/14314218815518/helg_hero_2023_desk_v22.jpg"},"mobile":{"code":"helg_hero_2023_mobile_v22.jpg","mime":"image/jpeg","altText":"helg_hero_2023_mobile_v22.jpg","url":"https://d2rfo6yapuixuu.cloudfront.net/h72/ha2/14314219536414/helg_hero_2023_mobile_v22.jpg"},"widescreen":{"code":"helg_hero_2023_widescreen_v22.jpg","mime":"image/jpeg","altText":"helg_hero_2023_widescreen_v22.jpg","url":"https://d2rfo6yapuixuu.cloudfront.net/hda/h12/14314221043742/helg_hero_2023_widescreen_v22.jpg"}},"title":"Äh, nu tar vi helg!","paddingBottom":"PADDING_0","buttonEnabled":"true","paddingTop":"PADDING_0","buttonTextColor":"#e60019","titleMobile":"Äh, nu tar vi helg!","urlLink":"/artikel/helgmat","buttonText":"Till varorna","fontType":"MEDIUM","textAlign":"CENTER","titleBanner":"false","hideOverlay":"false","urlLinkInNewWindow":"false","titleTablet":"Äh, nu tar vi helg!","buttonPosition":"CENTER","preambleMobile":"Helgmat till vardagspriser.","preambleTablet":"Helgmat till vardagspriser.","synchronizationBlocked":"false","paddingLeft":"PADDING_0"}]}}},{"key":"Position5Slot","value":{"slotId":"Position5Slot","slotUuid":"eyJpdGVtSWQiOiJQb3NpdGlvbjVTbG90IiwiY2F0YWxvZ0lkIjoid2lsbHlzQ29udGVudENhdGFsb2ciLCJjYXRhbG9nVmVyc2lvbiI6Ik9ubGluZSJ9","position":"Position5","name":"Position5Slot","slotShared":false,"components":{"component":[{"uid":"comp_0000BMZL","uuid":"eyJpdGVtSWQiOiJjb21wXzAwMDBCTVpMIiwiY2F0YWxvZ0lkIjoid2lsbHlzQ29udGVudENhdGFsb2ciLCJjYXRhbG9nVmVyc2lvbiI6Ik9ubGluZSJ9","typeCode":"AxfoodProductBannerComponent","modifiedTime":"2022-06-07T17:10:45.357+02:00","name":"Populära varor 2021","container":"false","numberOfRowsTablet":"2","cartFilter":"true","scroll":"ONE","numberOfRowsMobile":"2","title":"Populära varor","popup":"true","displayType":"POPULAR_PRODUCTS","synchronizationBlocked":"false","useSpssSort":"true","minProducts":"7","numberOfRows":"1"},{"uid":"comp_0000GFU6","uuid":"eyJpdGVtSWQiOiJjb21wXzAwMDBHRlU2IiwiY2F0YWxvZ0lkIjoid2lsbHlzQ29udGVudENhdGFsb2ciLCJjYXRhbG9nVmVyc2lvbiI6Ik9ubGluZSJ9","typeCode":"TwoTilesButtonAndProductBannerComponent","modifiedTime":"2023-05-23T21:30:23.56+02:00","name":"TwoTiles Matmissionen v22 2023","imageClickAction":"URL_LINK","titleTextColor":"white","container":"false","preamble":"I början av sommaren öppnar Helsingborgs första sociala matbutik, Matmissionen, där människor i ekonomisk utsatthet kan handla mat till kraftigt reducerade priser. Willys stöttar butiken på flera olika sätt.","buttonText":"Läs mer här","backgroundColor":"#181818","buttonColor":"white","preambleTextColor":"white","imageAlignment":"LEFT","media":{"tablet":{"code":"matmissionen_v22_2023_tablet.jpg","mime":"image/jpeg","altText":"matmissionen_v22_2023_tablet.jpg","url":"https://d2rfo6yapuixuu.cloudfront.net/h71/hd5/14318025998366/matmissionen_v22_2023_tablet.jpg"},"desktop":{"code":"matmissionen_v22_2023_desktop.jpg","mime":"image/jpeg","altText":"matmissionen_v22_2023_desktop.jpg","url":"https://d2rfo6yapuixuu.cloudfront.net/h30/hd9/14318025867294/matmissionen_v22_2023_desktop.jpg"},"mobile":{"code":"matmissionen_v22_2023_mobile.jpg","mime":"image/jpeg","altText":"matmissionen_v22_2023_mobile.jpg","url":"https://d2rfo6yapuixuu.cloudfront.net/h1f/hd6/14318025932830/matmissionen_v22_2023_mobile.jpg"},"widescreen":{"code":"matmissionen_v22_2023_wide.jpg","mime":"image/jpeg","altText":"matmissionen_v22_2023_wide.jpg","url":"https://d2rfo6yapuixuu.cloudfront.net/hb4/h8a/14318026063902/matmissionen_v22_2023_wide.jpg"}},"showInApp":"false","title":"Stolt partner till ny social matbutik.","synchronizationBlocked":"false","buttonTextColor":"#181818","buttonAction":"URL_LINK","urlLink":"/artikel/om-oss/nyheter-och-press/nyhet/Skane_Stadsmission_oppnar_matmissionen"}]}}},{"key":"SearchBoxSlot","value":{"slotId":"SearchBoxSlot","slotUuid":"eyJpdGVtSWQiOiJTZWFyY2hCb3hTbG90IiwiY2F0YWxvZ0lkIjoid2lsbHlzQ29udGVudENhdGFsb2ciLCJjYXRhbG9nVmVyc2lvbiI6Ik9ubGluZSJ9","position":"SearchBox","name":"SearchBoxSlot","slotShared":true,"components":{"component":[{"uid":"SearchBox","uuid":"eyJpdGVtSWQiOiJTZWFyY2hCb3giLCJjYXRhbG9nSWQiOiJ3aWxseXNDb250ZW50Q2F0YWxvZyIsImNhdGFsb2dWZXJzaW9uIjoiT25saW5lIn0=","typeCode":"SearchBoxComponent","modifiedTime":"2017-06-26T15:27:57.986+02:00","name":"Search Box","container":"false","maxSuggestions":"5","maxProducts":"0","displaySuggestions":"true","synchronizationBlocked":"false","displayProducts":"false","displayProductImages":"false","waitTimeBeforeRequest":"500","minCharactersBeforeRequest":"2"}]}}},{"key":"Position2LeftCol1Slot-Willys-Homepage","value":{"slotId":"Position2LeftCol1Slot-Willys-Homepage","slotUuid":"eyJpdGVtSWQiOiJQb3NpdGlvbjJMZWZ0Q29sMVNsb3QtV2lsbHlzLUhvbWVwYWdlIiwiY2F0YWxvZ0lkIjoid2lsbHlzQ29udGVudENhdGFsb2ciLCJjYXRhbG9nVmVyc2lvbiI6Ik9ubGluZSJ9","position":"Position2LeftCol1","name":"Position2LeftCol1","slotShared":false,"components":{"component":[]}}},{"key":"Position2RightCol1Slot-Willys-Homepage","value":{"slotId":"Position2RightCol1Slot-Willys-Homepage","slotUuid":"eyJpdGVtSWQiOiJQb3NpdGlvbjJSaWdodENvbDFTbG90LVdpbGx5cy1Ib21lcGFnZSIsImNhdGFsb2dJZCI6IndpbGx5c0NvbnRlbnRDYXRhbG9nIiwiY2F0YWxvZ1ZlcnNpb24iOiJPbmxpbmUifQ==","position":"Position2RightCol1","name":"Position2RightCol1","slotShared":false,"components":{"component":[]}}},{"key":"HeaderCenterSlot","value":{"slotId":"HeaderCenterSlot","slotUuid":"eyJpdGVtSWQiOiJIZWFkZXJDZW50ZXJTbG90IiwiY2F0YWxvZ0lkIjoid2lsbHlzQ29udGVudENhdGFsb2ciLCJjYXRhbG9nVmVyc2lvbiI6Ik9ubGluZSJ9","position":"HeaderCenter","name":"HeaderCenterSlot","slotShared":true,"components":{"component":[{"uid":"WillysTopmenuLinksComponent","uuid":"eyJpdGVtSWQiOiJXaWxseXNUb3BtZW51TGlua3NDb21wb25lbnQiLCJjYXRhbG9nSWQiOiJ3aWxseXNDb250ZW50Q2F0YWxvZyIsImNhdGFsb2dWZXJzaW9uIjoiT25saW5lIn0=","typeCode":"AxfoodTopmenuLinksComponent","modifiedTime":"2016-02-20T11:15:51.78+01:00","name":"AxfoodTopmenuLinksComponent","container":"false","synchronizationBlocked":"false","navigationNode":{"uid":"WillysTopMenuLinksNavNode","entries":[],"links":[],"children":[{"uid":"willysCampaignNode","entries":[],"links":[{"external":false,"linkName":[{"key":"sv","value":"Erbjudanden"}],"target":false,"url":"/erbjudanden"}],"children":[],"title":"Erbjudanden"},{"uid":"willysStoreFinderNode","entries":[],"links":[{"external":false,"linkName":[{"key":"sv","value":"Hitta butik"}],"target":false,"url":"/butik-sok"}],"children":[],"title":"Hitta butik"},{"uid":"willysCustomerServiceNode","entries":[],"links":[{"external":false,"linkName":[{"key":"sv"}],"target":false,"url":"/artikel/kundservice"}],"children":[],"title":"Kundservice"},{"uid":"item_00003PHK","entries":[],"links":[{"external":false,"linkName":[{"key":"sv","value":"Willys Plus"}],"target":false,"url":"/artikel/om-oss/willys-plus"}],"children":[],"title":"Willys Plus"}],"title":"Willys Top Menu Navigation Node"}}]}}},{"key":"SearchLeftSlot","value":{"slotId":"SearchLeftSlot","slotUuid":"eyJpdGVtSWQiOiJTZWFyY2hMZWZ0U2xvdCIsImNhdGFsb2dJZCI6IndpbGx5c0NvbnRlbnRDYXRhbG9nIiwiY2F0YWxvZ1ZlcnNpb24iOiJPbmxpbmUifQ==","position":"SearchLeft","name":"SearchLeftSlot","slotShared":true,"components":{"component":[]}}},{"key":"Position6LeftSlot","value":{"slotId":"Position6LeftSlot","slotUuid":"eyJpdGVtSWQiOiJQb3NpdGlvbjZMZWZ0U2xvdCIsImNhdGFsb2dJZCI6IndpbGx5c0NvbnRlbnRDYXRhbG9nIiwiY2F0YWxvZ1ZlcnNpb24iOiJPbmxpbmUifQ==","position":"Position6Left","name":"Position6LeftSlot","slotShared":false,"components":{"component":[]}}},{"key":"Position3Slot","value":{"slotId":"Position3Slot","slotUuid":"eyJpdGVtSWQiOiJQb3NpdGlvbjNTbG90IiwiY2F0YWxvZ0lkIjoid2lsbHlzQ29udGVudENhdGFsb2ciLCJjYXRhbG9nVmVyc2lvbiI6Ik9ubGluZSJ9","position":"Position3","name":"Position3Slot","slotShared":false,"components":{"component":[{"uid":"willysPersonalElementComponent","uuid":"eyJpdGVtSWQiOiJ3aWxseXNQZXJzb25hbEVsZW1lbnRDb21wb25lbnQiLCJjYXRhbG9nSWQiOiJ3aWxseXNDb250ZW50Q2F0YWxvZyIsImNhdGFsb2dWZXJzaW9uIjoiT25saW5lIn0=","typeCode":"PersonalElementPlaceHolder","modifiedTime":"2023-02-15T08:47:58.083+01:00","name":"Willys Personal Element Component","container":"false","synchronizationBlocked":"false"},{"uid":"comp_0000GGMS","uuid":"eyJpdGVtSWQiOiJjb21wXzAwMDBHR01TIiwiY2F0YWxvZ0lkIjoid2lsbHlzQ29udGVudENhdGFsb2ciLCJjYXRhbG9nVmVyc2lvbiI6Ik9ubGluZSJ9","typeCode":"AxfoodProductBannerComponent","modifiedTime":"2023-05-23T21:29:01.711+02:00","name":"Veckans varor mån-sön v22 2023","container":"false","numberOfRowsTablet":"2","cartFilter":"false","scroll":"ONE","numberOfRowsMobile":"2","title":"Veckans varor","popup":"true","displayType":"SELECTED_PRODUCTS","synchronizationBlocked":"false","useSpssSort":"false","minProducts":"7","productCodes":"[\"100172876_KG\",\"101236336_ST\",\"101253220_KG\",\"101353676_ST\",\"100905763_ST\",\"100819633_ST\",\"100942660_ST\",\"101173840_ST\",\"100256107_KG\",\"101203891_ST\",\"101266950_ST\",\"100152914_ST\",\"100152914_KG\",\"100517406_ST\",\"101206890_ST\",\"101306763_ST\",\"101288882_ST\",\"101288882_KG\",\"101235709_ST\",\"101306765_ST\",\"100015109_ST\",\"101283860_KG\",\"100585047_ST\",\"101255404_ST\",\"101235667_ST\",\"101277147_ST\",\"101291352_ST\",\"101353677_ST\",\"100585172_ST\",\"101469945_ST\",\"100015092_ST\",\"101240597_ST\",\"100132296_ST\",\"101278894_ST\",\"101283841_KG\",\"101307277_ST\",\"101240169_ST\",\"101283428_ST\",\"101283868_KG\",\"101187302_ST\",\"101405978_ST\",\"101470014_ST\",\"101235682_ST\",\"101235715_ST\",\"101295569_ST\",\"101275800_ST\",\"101264854_ST\",\"101273570_ST\",\"101397161_ST\",\"101306894_ST\",\"100374462_ST\",\"101307279_ST\",\"101240624_ST\",\"100007136_KG\",\"101268689_ST\",\"100585056_ST\",\"101278621_ST\",\"101208470_KG\",\"101307185_ST\",\"101240617_ST\",\"101307278_ST\",\"100198386_ST\",\"101264939_ST\",\"101336169_ST\",\"101336170_ST\",\"100128719_ST\",\"101273572_ST\",\"101307286_ST\",\"101264825_ST\",\"101275789_ST\",\"101342291_ST\",\"101240658_ST\",\"101283394_ST\",\"101397851_ST\",\"101397385_ST\",\"101291222_ST\",\"101285729_ST\",\"101253219_KG\",\"101359419_ST\",\"101251343_ST\",\"101001513_ST\",\"101191452_ST\",\"101263734_ST\",\"100774066_ST\",\"101221729_ST\",\"101206349_ST\",\"101251337_ST\",\"101273571_ST\",\"101291236_ST\",\"101236339_ST\",\"101221728_ST\",\"101290773_ST\",\"101264893_ST\",\"101249773_ST\",\"100382211_ST\",\"101220064_ST\",\"101285651_ST\"]","numberOfRows":"1"},{"uid":"comp_0000GGMT","uuid":"eyJpdGVtSWQiOiJjb21wXzAwMDBHR01UIiwiY2F0YWxvZ0lkIjoid2lsbHlzQ29udGVudENhdGFsb2ciLCJjYXRhbG9nVmVyc2lvbiI6Ik9ubGluZSJ9","typeCode":"AxfoodProductBannerComponent","modifiedTime":"2023-05-23T21:29:02.176+02:00","name":"Balk grill v22 2023","container":"false","cartFilter":"false","scroll":"ONE","title":"Heta priser till grillen!","popup":"true","displayType":"SELECTED_PRODUCTS","gridPackages":"[\"Package_grill_v22_2023\"]","synchronizationBlocked":"false","useSpssSort":"false","minProducts":"7","productCodes":"[\"101253220_KG\",\"101291236_ST\",\"100771309_ST\",\"101133694_ST\",\"101236336_ST\",\"100152914_ST\",\"100152914_KG\",\"100172876_KG\",\"101282393_ST\",\"101264939_ST\",\"101174339_ST\",\"101291222_ST\",\"101281495_ST\",\"100819633_ST\",\"101268416_ST\",\"101301624_ST\",\"101206890_ST\",\"101265143_ST\",\"101048153_ST\",\"100057787_ST\",\"101264854_ST\",\"101208470_KG\",\"100128719_ST\",\"101245523_ST\",\"101236339_ST\",\"101334504_KG\",\"101264825_ST\",\"100013192_ST\",\"100942660_ST\",\"101275765_ST\",\"100192970_ST\",\"101475654_ST\",\"101285651_ST\",\"101251769_ST\"]","numberOfRows":"2"},{"uid":"comp_0000GGMB","uuid":"eyJpdGVtSWQiOiJjb21wXzAwMDBHR01CIiwiY2F0YWxvZ0lkIjoid2lsbHlzQ29udGVudENhdGFsb2ciLCJjYXRhbG9nVmVyc2lvbiI6Ik9ubGluZSJ9","typeCode":"MultiColumnContainerComponent","modifiedTime":"2023-05-12T16:01:13.284+02:00","name":"MultiColumn brickor v21 2023","container":"false","hideInApp":"false","hideInWeb":"false","synchronizationBlocked":"false","columnContainerData":{"uuid":"eyJpdGVtSWQiOiJDb2x1bW5fYnJpY2tvcl92MjFfMjAyMyIsImNhdGFsb2dJZCI6IndpbGx5c0NvbnRlbnRDYXRhbG9nIiwiY2F0YWxvZ1ZlcnNpb24iOiJPbmxpbmUifQ==","typeCode":"ColumnComponent","modifiedTime":"2023-05-12T16:02:02.534+02:00","name":"Column brickor v21 2023","container":"false","widthPercent":"100","synchronizationBlocked":"false","width":"WIDTH_100"}},{"uid":"comp_0000GFU2","uuid":"eyJpdGVtSWQiOiJjb21wXzAwMDBHRlUyIiwiY2F0YWxvZ0lkIjoid2lsbHlzQ29udGVudENhdGFsb2ciLCJjYXRhbG9nVmVyc2lvbiI6Ik9ubGluZSJ9","typeCode":"MultiColumnContainerComponent","modifiedTime":"2023-05-23T21:28:57.109+02:00","name":"MultiColumn brickor v22 2023","container":"false","hideInApp":"false","hideInWeb":"false","synchronizationBlocked":"false","columnContainerData":{"uuid":"eyJpdGVtSWQiOiJDb2x1bW5fYnJpY2tvcl92MjJfMjAyMyIsImNhdGFsb2dJZCI6IndpbGx5c0NvbnRlbnRDYXRhbG9nIiwiY2F0YWxvZ1ZlcnNpb24iOiJPbmxpbmUifQ==","typeCode":"ColumnComponent","modifiedTime":"2023-05-23T21:30:23.397+02:00","name":"Column_brickor_v22_2023","container":"false","widthPercent":"100","cmsComponentTypeCodes":"[\"TwoTilesButtonAndProductBannerComponent\",\"TwoTilesButtonAndProductBannerComponent\"]","synchronizationBlocked":"false","width":"WIDTH_100","cmsComponents":"[\"Twotiles_persika_v22_2023\",\"TwoTiles_glass_v22_2023\"]"}},{"uid":"comp_0000GI5A","uuid":"eyJpdGVtSWQiOiJjb21wXzAwMDBHSTVBIiwiY2F0YWxvZ0lkIjoid2lsbHlzQ29udGVudENhdGFsb2ciLCJjYXRhbG9nVmVyc2lvbiI6Ik9ubGluZSJ9","typeCode":"MultiColumnContainerComponent","modifiedTime":"2023-05-23T21:28:59.729+02:00","name":"MultiColumn brickor v23 2023","container":"false","hideInApp":"false","hideInWeb":"false","synchronizationBlocked":"false","columnContainerData":{"uuid":"eyJpdGVtSWQiOiJDb2x1bW5fYnJpY2tvcl92MjNfMjAyMyIsImNhdGFsb2dJZCI6IndpbGx5c0NvbnRlbnRDYXRhbG9nIiwiY2F0YWxvZ1ZlcnNpb24iOiJPbmxpbmUifQ==","typeCode":"ColumnComponent","modifiedTime":"2023-05-23T21:30:23.813+02:00","name":"Column brickor v23 2023","container":"false","widthPercent":"100","synchronizationBlocked":"false","width":"WIDTH_100"}},{"uid":"comp_0000GL8G","uuid":"eyJpdGVtSWQiOiJjb21wXzAwMDBHTDhHIiwiY2F0YWxvZ0lkIjoid2lsbHlzQ29udGVudENhdGFsb2ciLCJjYXRhbG9nVmVyc2lvbiI6Ik9ubGluZSJ9","typeCode":"MultiColumnContainerComponent","modifiedTime":"2023-05-29T11:52:22.235+02:00","name":"MultiColumn brickor v24 2023","container":"false","hideInApp":"false","hideInWeb":"false","synchronizationBlocked":"false","columnContainerData":{"uuid":"eyJpdGVtSWQiOiJDb2x1bW5fYnJpY2tvcl92MjRfMjAyMyIsImNhdGFsb2dJZCI6IndpbGx5c0NvbnRlbnRDYXRhbG9nIiwiY2F0YWxvZ1ZlcnNpb24iOiJPbmxpbmUifQ==","typeCode":"ColumnComponent","modifiedTime":"2023-05-29T11:53:26.953+02:00","name":"Column_brickor_v24_2023","container":"false","widthPercent":"100","synchronizationBlocked":"false","width":"WIDTH_100"}},{"uid":"comp_0000GFU3","uuid":"eyJpdGVtSWQiOiJjb21wXzAwMDBHRlUzIiwiY2F0YWxvZ0lkIjoid2lsbHlzQ29udGVudENhdGFsb2ciLCJjYXRhbG9nVmVyc2lvbiI6Ik9ubGluZSJ9","typeCode":"AxfoodProductBannerComponent","modifiedTime":"2023-05-23T21:28:57.325+02:00","name":"Balk vardagsmat v22 2023","container":"false","cartFilter":"false","scroll":"ONE","title":"Vardagsmat till goda priser!","popup":"true","displayType":"SELECTED_PRODUCTS","synchronizationBlocked":"false","useSpssSort":"false","minProducts":"7","productCodes":"[\"101266950_ST\",\"101261068_ST\",\"101123758_ST\",\"101328356_ST\",\"101275800_ST\",\"100269139_KG\",\"100148868_KG\",\"101339243_ST\",\"101329460_ST\",\"101058267_ST\",\"101283428_ST\",\"101229352_ST\",\"101267519_ST\",\"101270793_ST\",\"100007136_KG\",\"101274134_ST\",\"100152914_ST\",\"100152914_KG\",\"101329937_ST\",\"100149064_KG\",\"100150827_ST\",\"100150827_KG\",\"101361697_ST\",\"101325355_ST\",\"101066052_ST\",\"101187302_ST\",\"101260977_ST\",\"101004020_ST\",\"100819633_ST\",\"100517406_ST\",\"101319816_ST\",\"101423140_ST\",\"101263071_ST\",\"101249333_ST\",\"101249333_KG\",\"101236667_ST\",\"101173871_ST\"]","numberOfRows":"2"},{"uid":"comp_0000GGMD","uuid":"eyJpdGVtSWQiOiJjb21wXzAwMDBHR01EIiwiY2F0YWxvZ0lkIjoid2lsbHlzQ29udGVudENhdGFsb2ciLCJjYXRhbG9nVmVyc2lvbiI6Ik9ubGluZSJ9","typeCode":"AxfoodProductBannerComponent","modifiedTime":"2023-05-15T10:31:53.883+02:00","name":"Balk Dragomirs helgkasse tor v21-ons v22 2023","container":"false","cartFilter":"false","scroll":"ONE","title":"Ta helg som en TV-skurk!","popup":"true","displayType":"SELECTED_PRODUCTS","gridPackages":"[\"Package_dragomirshelgkasse_2023\"]","synchronizationBlocked":"false","useSpssSort":"false","minProducts":"7","productCodes":"[\"101291327_ST\",\"101244335_ST\",\"100393842_ST\",\"101183319_ST\",\"101241335_KG\",\"100137095_ST\",\"101239477_ST\",\"100879239_ST\",\"101307277_ST\",\"100956761_ST\",\"101249474_ST\",\"101231715_ST\",\"101197149_ST\",\"101058267_ST\",\"101203891_ST\",\"101351679_ST\",\"100330642_ST\",\"101285086_ST\",\"101189680_ST\",\"100404082_ST\",\"100256571_ST\"]","numberOfRows":"2"}]}}},{"key":"Position2LeftCol3Slot-Willys-Homepage","value":{"slotId":"Position2LeftCol3Slot-Willys-Homepage","slotUuid":"eyJpdGVtSWQiOiJQb3NpdGlvbjJMZWZ0Q29sM1Nsb3QtV2lsbHlzLUhvbWVwYWdlIiwiY2F0YWxvZ0lkIjoid2lsbHlzQ29udGVudENhdGFsb2ciLCJjYXRhbG9nVmVyc2lvbiI6Ik9ubGluZSJ9","position":"Position2LeftCol3","name":"Position2LeftCol3","slotShared":false,"components":{"component":[]}}},{"key":"Position6RightSlot","value":{"slotId":"Position6RightSlot","slotUuid":"eyJpdGVtSWQiOiJQb3NpdGlvbjZSaWdodFNsb3QiLCJjYXRhbG9nSWQiOiJ3aWxseXNDb250ZW50Q2F0YWxvZyIsImNhdGFsb2dWZXJzaW9uIjoiT25saW5lIn0=","position":"Position6Right","name":"Position6RightSlot","slotShared":false,"components":{"component":[]}}},{"key":"Content-usp-Willys-Homepage","value":{"slotId":"Content-usp-Willys-Homepage","slotUuid":"eyJpdGVtSWQiOiJDb250ZW50LXVzcC1XaWxseXMtSG9tZXBhZ2UiLCJjYXRhbG9nSWQiOiJ3aWxseXNDb250ZW50Q2F0YWxvZyIsImNhdGFsb2dWZXJzaW9uIjoiT25saW5lIn0=","position":"Content-usp-Willys-Homepage","name":"Content-usp-Willys-Homepage","slotShared":false,"components":{"component":[{"uid":"comp_00007S3I","uuid":"eyJpdGVtSWQiOiJjb21wXzAwMDA3UzNJIiwiY2F0YWxvZ0lkIjoid2lsbHlzQ29udGVudENhdGFsb2ciLCJjYXRhbG9nVmVyc2lvbiI6Ik9ubGluZSJ9","typeCode":"AxfoodContentUspCmsComponent","modifiedTime":"2023-03-22T08:24:33.273+01:00","name":"Willys USP:ar","container":"false","hideInDesktop":"false","contentUsps":"[\"USP_Matpriskollen_v22_2021\",\"Nykundskod\",\"NYKUNDSkod\",\"jobbahososs_USP\"]","synchronizationBlocked":"false","hideInTablet":"false"}]}}},{"key":"Position2RightCol3Slot-Willys-Homepage","value":{"slotId":"Position2RightCol3Slot-Willys-Homepage","slotUuid":"eyJpdGVtSWQiOiJQb3NpdGlvbjJSaWdodENvbDNTbG90LVdpbGx5cy1Ib21lcGFnZSIsImNhdGFsb2dJZCI6IndpbGx5c0NvbnRlbnRDYXRhbG9nIiwiY2F0YWxvZ1ZlcnNpb24iOiJPbmxpbmUifQ==","position":"Position2RightCol3","name":"Position2RightCol3","slotShared":false,"components":{"component":[]}}},{"key":"Position2LeftSlot","value":{"slotId":"Position2LeftSlot","slotUuid":"eyJpdGVtSWQiOiJQb3NpdGlvbjJMZWZ0U2xvdCIsImNhdGFsb2dJZCI6IndpbGx5c0NvbnRlbnRDYXRhbG9nIiwiY2F0YWxvZ1ZlcnNpb24iOiJPbmxpbmUifQ==","position":"Position2Left","name":"Position2LeftSlot","slotShared":false,"components":{"component":[{"uid":"comp_00001CMG","uuid":"eyJpdGVtSWQiOiJjb21wXzAwMDAxQ01HIiwiY2F0YWxvZ0lkIjoid2lsbHlzQ29udGVudENhdGFsb2ciLCJjYXRhbG9nVmVyc2lvbiI6Ik9ubGluZSJ9","typeCode":"AxfoodResponsiveBannerComponent","modifiedTime":"2016-11-01T15:21:40.787+01:00","name":"AxfoodResponsiveBannerComponent","container":"false","imageHeightDesktop":"310","centerContent":"false","imageHeightMobile":"373","showInApp":"false","media":{"tablet":{"code":"Willys_Testkund_768px.jpg","mime":"image/jpeg","altText":"Willys_Testkund_768px.jpg","url":"https://d2rfo6yapuixuu.cloudfront.net/h57/hd3/8864437305374/Willys_Testkund_768px.jpg"},"desktop":{"code":"Willys_Testkund_1280px.jpg","mime":"image/jpeg","altText":"Willys_Testkund_1280px.jpg","url":"https://d2rfo6yapuixuu.cloudfront.net/h46/hd0/8864437239838/Willys_Testkund_1280px.jpg"},"mobile":{"code":"Willys_testkund_320px.jpg","mime":"image/jpeg","altText":"Willys_testkund_320px.jpg","url":"https://d2rfo6yapuixuu.cloudfront.net/haf/hd3/8864437338142/Willys_testkund_320px.jpg"},"widescreen":{"code":"Willys_Testkund_1440px.jpg","mime":"image/jpeg","altText":"Willys_Testkund_1440px.jpg","url":"https://d2rfo6yapuixuu.cloudfront.net/hb0/hd0/8864437272606/Willys_Testkund_1440px.jpg"}},"article":"false","imageHeightTablet":"373","synchronizationBlocked":"false","buttonEnabled":"false","cookieBanner":"false","urlLink":"https://handla.willys.se/testkund"}]}}},{"key":"FooterCenterSlot","value":{"slotId":"FooterCenterSlot","slotUuid":"eyJpdGVtSWQiOiJGb290ZXJDZW50ZXJTbG90IiwiY2F0YWxvZ0lkIjoid2lsbHlzQ29udGVudENhdGFsb2ciLCJjYXRhbG9nVmVyc2lvbiI6Ik9ubGluZSJ9","position":"FooterCenter","name":"FooterCenterSlot","slotShared":true,"components":{"component":[{"uid":"FooterComponent","uuid":"eyJpdGVtSWQiOiJGb290ZXJDb21wb25lbnQiLCJjYXRhbG9nSWQiOiJ3aWxseXNDb250ZW50Q2F0YWxvZyIsImNhdGFsb2dWZXJzaW9uIjoiT25saW5lIn0=","typeCode":"AxfoodFooterComponent","modifiedTime":"2017-09-27T08:19:53.961+02:00","name":"Länkar sidfot","container":"false","socialLinks":{"instagram":{"container":"false","uid":"instagram","external":"false","name":"Instagram","synchronizationBlocked":"false","uuid":"eyJpdGVtSWQiOiJpbnN0YWdyYW0iLCJjYXRhbG9nSWQiOiJ3aWxseXNDb250ZW50Q2F0YWxvZyIsImNhdGFsb2dWZXJzaW9uIjoiT25saW5lIn0=","linkName":"Instagram","url":"https://www.instagram.com","typeCode":"CMSLinkComponent","target":"newWindow"},"twitter":{"container":"false","uid":"twitter","external":"false","name":"Twitter","synchronizationBlocked":"false","uuid":"eyJpdGVtSWQiOiJ0d2l0dGVyIiwiY2F0YWxvZ0lkIjoid2lsbHlzQ29udGVudENhdGFsb2ciLCJjYXRhbG9nVmVyc2lvbiI6Ik9ubGluZSJ9","linkName":"Twitter","url":"https://www.twitter.com","typeCode":"CMSLinkComponent","target":"newWindow"},"facebook":{"container":"false","uid":"facebook","external":"false","name":"Facebook","synchronizationBlocked":"false","uuid":"eyJpdGVtSWQiOiJmYWNlYm9vayIsImNhdGFsb2dJZCI6IndpbGx5c0NvbnRlbnRDYXRhbG9nIiwiY2F0YWxvZ1ZlcnNpb24iOiJPbmxpbmUifQ==","linkName":"Facebook","url":"www.facebook.com/Willys","typeCode":"CMSLinkComponent","target":"newWindow"}},"coreLinks":{"my-willy-plus":{"container":"false","uid":"my-willy-plus","external":"false","name":"My Willy+","synchronizationBlocked":"false","uuid":"eyJpdGVtSWQiOiJteS13aWxseS1wbHVzIiwiY2F0YWxvZ0lkIjoid2lsbHlzQ29udGVudENhdGFsb2ciLCJjYXRhbG9nVmVyc2lvbiI6Ik9ubGluZSJ9","linkName":"Mitt konto","url":"/#/mitt-konto","typeCode":"CMSLinkComponent","target":"sameWindow"}},"showLanguageCurrency":"false","wrapAfter":"0","synchronizationBlocked":"false","bottomLinks":{"WillysFooterCopyrightText":{"container":"false","uid":"WillysFooterCopyrightText","external":"false","name":"Willys Footer Copyright Text","synchronizationBlocked":"false","uuid":"eyJpdGVtSWQiOiJXaWxseXNGb290ZXJDb3B5cmlnaHRUZXh0IiwiY2F0YWxvZ0lkIjoid2lsbHlzQ29udGVudENhdGFsb2ciLCJjYXRhbG9nVmVyc2lvbiI6Ik9ubGluZSJ9","linkName":"©Willys","typeCode":"CMSLinkComponent","target":"sameWindow"}},"navigationNode":{"uid":"WillysFooterLinksNavNode","entries":[],"links":[],"children":[{"uid":"WillysFooterLinksLeftNode","entries":[],"links":[],"children":[{"uid":"WillysAboutNode","entries":[],"links":[{"external":false,"linkName":[{"key":"sv","value":"Om oss"}],"target":false,"url":"/artikel/om-oss"}],"children":[{"uid":"WillysVarHistoriaPageNode","entries":[],"links":[{"external":false,"linkName":[{"key":"sv","value":"Vår historia"}],"target":false,"url":"/artikel/om-oss/var-historia"}],"children":[],"title":"Vår historia"},{"uid":"WillysVarAffarsidePageNode","entries":[],"links":[{"external":false,"linkName":[{"key":"sv","value":"Vår affärsidé"}],"target":false,"url":"/artikel/om-oss/var-affarside"}],"children":[],"title":"Vår affärsidé"},{"uid":"WillysAllaRattTillBraMatPageNode","entries":[],"links":[{"external":false,"linkName":[{"key":"sv","value":"Allas rätt till bra mat"}],"target":false,"url":"/artikel/om-oss/allas-ratt-till-bra-mat"}],"children":[],"title":"Bra mat för alla"},{"uid":"WillysSustainabilityNode","entries":[],"links":[{"external":false,"linkName":[{"key":"sv","value":"Hållbarhet"}],"target":false,"url":"/artikel/om-oss/hallbarhet"}],"children":[{"uid":"WillysGreenRedNode","entries":[],"links":[{"external":false,"linkName":[{"key":"sv","value":"Resurseffektiva butiker"}],"target":false,"url":"/artikel/om-oss/hallbarhet/grona-butiker-roda-priser"}],"children":[{"uid":"Vår klimatpåverkan","entries":[],"links":[{"external":false,"linkName":[{"key":"sv","value":"Vår klimatpåverkan"}],"target":false,"url":"/artikel/om-oss/hallbarhet/var-klimatpaverkan"}],"children":[],"title":"Vår klimatpåverkan"}],"title":"Resurseffektiva butiker"},{"uid":"WillysGoodEnvironmentalNode","entries":[],"links":[{"external":false,"linkName":[{"key":"sv","value":"Bra miljöval"}],"target":false,"url":"/artikel/om-oss/hallbarhet/bra-miljoval"}],"children":[{"uid":"WillysPVCNode","entries":[],"links":[{"external":false,"linkName":[{"key":"sv","value":"PVC"}],"target":false,"url":"/artikel/om-oss/hallbarhet/bra-miljoval/pvc"}],"children":[],"title":"PVC"},{"uid":"WillysEcoLabeledToysNode","entries":[],"links":[{"external":false,"linkName":[{"key":"sv","value":"Miljömärkta leksaker"}],"target":false,"url":"/artikel/om-oss/hallbarhet/bra-miljoval/miljomarkta-leksaker"}],"children":[],"title":"Miljömärkta leksaker"}],"title":"Bra miljöval"},{"uid":"WillysAnsvarsfulltSortimentPageNode","entries":[],"links":[{"external":false,"linkName":[{"key":"sv","value":"Ansvarsfullt sortiment"}],"target":false,"url":"/artikel/om-oss/hallbarhet/ansvarsfullt-sortiment"}],"children":[],"title":"Ansvarsfullt sortiment"},{"uid":"WillysWasteSmartNode","entries":[],"links":[{"external":false,"linkName":[{"key":"sv","value":"Svinnsmart"}],"target":false,"url":"/artikel/om-oss/hallbarhet/svinnsmart"}],"children":[{"uid":"WillysOurGoalNode","entries":[],"links":[{"external":false,"linkName":[{"key":"sv","value":"Vår målsättning"}],"target":false,"url":"/artikel/om-oss/hallbarhet/svinnsmart/var-malsattning"}],"children":[],"title":"Vår målsättning"},{"uid":"WillysBecomeWasteSmartNode","entries":[],"links":[{"external":false,"linkName":[{"key":"sv","value":"Bli svinnsmart"}],"target":false,"url":"/artikel/om-oss/hallbarhet/svinnsmart/bli-svinnsmart"}],"children":[],"title":"Bli svinnsmart"},{"uid":"WillysWasteSmartCooperationNode","entries":[],"links":[{"external":false,"linkName":[{"key":"sv","value":"Svinnsmarta samarbeten"}],"target":false,"url":"/artikel/om-oss/hallbarhet/svinnsmart/svinnsmarta-samarbeten"}],"children":[],"title":"Svinnsmarta samarbeten"},{"uid":"WillysReduceWasteNode","entries":[],"links":[{"external":false,"linkName":[{"key":"sv","value":"Så minskar vi matsvinnet"}],"target":false,"url":"/artikel/om-oss/hallbarhet/svinnsmart/sa-minskar-vi-matsvinnet"}],"children":[],"title":"Så minskar vi matsvinnet"},{"uid":"WillysDenHarMatenSlangsMestNode","entries":[],"links":[{"external":false,"linkName":[{"key":"sv","value":"Den här maten slängs mest"}],"target":false,"url":"/artikel/om-oss/hallbarhet/svinnsmart/undersokning"}],"children":[],"title":"Den här maten slängs mest"},{"uid":"WillysFoodCommissionNode","entries":[],"links":[{"external":false,"linkName":[{"key":"sv","value":"Matmissionen"}],"target":false,"url":"/artikel/om-oss/hallbarhet/svinnsmart/matmissionen"}],"children":[],"title":"Matmissionen"},{"uid":"WillysVaraSvinnsmartaProdukterNode","entries":[],"links":[{"external":false,"linkName":[{"key":"sv","value":"Våra svinnsmarta produkter"}],"target":false,"url":"/artikel/om-oss/hallbarhet/svinnsmart/varor"}],"children":[],"title":"Våra svinnsmarta produkter"}],"title":"Svinnsmart"},{"uid":"WillysSaveTheChildrenNode","entries":[],"links":[{"external":false,"linkName":[{"key":"sv","value":"Rädda Barnen"}],"target":false,"url":"/artikel/om-oss/hallbarhet/samhallsengagemang"}],"children":[],"title":"Samhällsengagemang"}],"title":"Hållbarhet"},{"uid":"WillysNewsNode","entries":[],"links":[{"external":false,"linkName":[{"key":"sv","value":"Nyheter \u0026 press"}],"target":false,"url":"/artikel/om-oss/nyheter-och-press"}],"children":[],"title":"Nyheter \u0026 press"},{"uid":"WillysWillysPlusNode","entries":[],"links":[{"external":false,"linkName":[{"key":"sv","value":"Willys Plus"}],"target":false,"url":"/artikel/om-oss/willys-plus"}],"children":[{"uid":"WillysBetterDealNode","entries":[],"links":[{"external":false,"linkName":[{"key":"sv","value":"En ännu bättre affär"}],"target":false,"url":"/artikel/om-oss/willys-plus/en-annu-battre-affar"}],"children":[],"title":"En ännu bättre affär"},{"uid":"WillysWillysPlusPaFleraSprakNode","entries":[],"links":[{"external":false,"linkName":[{"key":"sv","value":"Willys plus på flera språk"}],"target":false,"url":"/artikel/om-oss/willys-plus/willys-plus-pa-flera-sprak"}],"children":[],"title":"Willys Plus på flera språk"},{"uid":"WillysUtanPersonnummer","entries":[],"links":[{"external":false,"linkName":[{"key":"sv","value":"Ansluta utan personnnummer"}],"target":false,"url":"/artikel/om-oss/willys-plus/utan-personnummer"}],"children":[],"title":"Ansluta utan personnummer"}],"title":"Willys Plus"},{"uid":"Willys Dataskydd Node","entries":[],"links":[{"external":false,"linkName":[{"key":"sv","value":"Dataskydd"}],"target":false,"url":"/artikel/villkor-dataskydd"}],"children":[{"uid":"Node Integritetspolicy","entries":[],"links":[{"external":false,"linkName":[{"key":"sv","value":"Integritetspolicy"}],"target":false,"url":"/artikel/integritetspolicy"}],"children":[],"title":"Integritetspolicy"}],"title":"Dataskydd"},{"uid":"CookieSettings","entries":[],"links":[],"children":[],"title":"Cookie-inställningar"}],"title":"Om oss"},{"uid":"WillysCustomerServiceNode","entries":[],"links":[{"external":false,"linkName":[{"key":"sv","value":"Kundservice"}],"target":false,"url":"/artikel/kundservice"}],"children":[{"uid":"WillysContactNode","entries":[],"links":[{"external":false,"linkName":[{"key":"sv","value":"Kontakta oss"}],"target":false,"url":"/artikel/kundservice/kontakta-oss"}],"children":[],"title":"Kontakta oss"},{"uid":"WillysFAQNode","entries":[],"links":[{"external":false,"linkName":[{"key":"sv","value":"Vanliga frågor \u0026 svar"}],"target":false,"url":"/artikel/kundservice/vanliga-fragor-och-svar"}],"children":[],"title":"Vanliga frågor \u0026 svar"},{"uid":"WillysEhandelNode","entries":[],"links":[{"external":false,"linkName":[{"key":"sv","value":"Vår e-handel"}],"target":false,"url":"/artikel/ehandla"}],"children":[],"title":"Vår e-handel"},{"uid":"WillysWarrantyNode","entries":[],"links":[{"external":false,"linkName":[{"key":"sv","value":"Våra garantier"}],"target":false,"url":"/artikel/kundservice/vara-garantier"}],"children":[],"title":"Våra garantier"},{"uid":"WillysECommerceTermsNode","entries":[],"links":[{"external":false,"linkName":[{"key":"sv","value":"Villkor e-handel"}],"target":false,"url":"/artikel/kundservice/villkor-e-handel"}],"children":[],"title":"Villkor e-handel"},{"uid":"WillysWillysPlusTerms2Node","entries":[],"links":[{"external":false,"linkName":[{"key":"sv","value":"Villkor Willys Plus"}],"target":false,"url":"/kundservice/villkor-for-willys-plus"}],"children":[],"title":"Villkor Willys Plus"},{"uid":"Willys E-handel företag","entries":[],"links":[{"external":false,"linkName":[{"key":"sv","value":"E-handel företag"}],"target":false,"url":"/artikel/foretag"}],"children":[{"uid":"Företagstider","entries":[],"links":[{"external":false,"linkName":[{"key":"sv","value":"Här kan du e-handla som företag"}],"target":false,"url":"/foretagstider"}],"children":[],"title":"Här kan du e-handla som företag"}],"title":"E-handel företag"}],"title":"Kundservice"},{"uid":"WillysWorkNode","entries":[],"links":[{"external":true,"linkName":[{"key":"sv","value":"Jobba hos oss"}],"target":true,"url":"https://www.willys.se/artikel/jobbahososs"}],"children":[{"uid":"WillysLedigaTjansterWorkNode","entries":[],"links":[{"external":true,"linkName":[{"key":"sv","value":"Lediga tjänster"}],"target":false,"url":"https://jobb.axfood.se/willys/go/Willys/3661901/?locale=sv_SE"}],"children":[],"title":"Lediga tjänster"},{"uid":"WillysUtvecklashosossWorkNode","entries":[],"links":[{"external":false,"linkName":[{"key":"sv","value":"Utvecklas hos oss"}],"target":false,"url":"/artikel/utvecklashososs"}],"children":[],"title":"Utvecklas hos oss"},{"uid":"WillysJobbapaWillysWorkNode","entries":[],"links":[{"external":false,"linkName":[{"key":"sv","value":"Jobba på Willys"}],"target":false,"url":"/artikel/jobbapawillys"}],"children":[],"title":"Jobba på Willys"},{"uid":"WillysVararollerWorkNode","entries":[],"links":[{"external":false,"linkName":[{"key":"sv","value":"Våra roller"}],"target":false,"url":"/artikel/vararoller"}],"children":[],"title":"Våra roller"},{"uid":"WillysFAQWorkNode","entries":[],"links":[{"external":false,"linkName":[{"key":"sv","value":"Frågor \u0026 svar om våra jobb"}],"target":false,"url":"/artikel/kundservice/vanliga-fragor-och-svar"}],"children":[],"title":"Frågor \u0026 svar om våra jobb"}],"title":"Jobba hos oss"}]},{"uid":"WillysFooterLinksRightNode","entries":[],"links":[],"children":[{"uid":"WillysFooterCampaignNode","entries":[],"links":[{"external":false,"linkName":[{"key":"sv","value":"Erbjudanden"}],"target":false,"url":"/erbjudanden"}],"children":[],"title":"Erbjudanden"},{"uid":"WillysFooterStoreFinderNode","entries":[],"links":[{"external":false,"linkName":[{"key":"sv","value":"Hitta butik"}],"target":false,"url":"/butik-sok"},{"external":false,"linkName":[{"key":"sv","value":"Hitta butik"}],"target":false,"url":"/butik-sok"}],"children":[],"title":"Hitta butik"},{"uid":"WillysFooterWillysPlusNode","entries":[],"links":[{"external":false,"linkName":[{"key":"sv","value":"Bli Willys Plus-kund"}],"target":false,"url":"/anvandare/identifiera"}],"children":[],"title":"Bli Willys Plus-kund"}],"title":"Willys Footer Right Navigation Node"}],"title":"Willys Footer Navigation Node"}}]}}},{"key":"Position2RightSlot","value":{"slotId":"Position2RightSlot","slotUuid":"eyJpdGVtSWQiOiJQb3NpdGlvbjJSaWdodFNsb3QiLCJjYXRhbG9nSWQiOiJ3aWxseXNDb250ZW50Q2F0YWxvZyIsImNhdGFsb2dWZXJzaW9uIjoiT25saW5lIn0=","position":"Position2Right","name":"Position2RightSlot","slotShared":false,"components":{"component":[{"uid":"comp_00001CMH","uuid":"eyJpdGVtSWQiOiJjb21wXzAwMDAxQ01IIiwiY2F0YWxvZ0lkIjoid2lsbHlzQ29udGVudENhdGFsb2ciLCJjYXRhbG9nVmVyc2lvbiI6Ik9ubGluZSJ9","typeCode":"AxfoodResponsiveBannerComponent","modifiedTime":"2016-11-01T15:21:40.755+01:00","name":"AxfoodResponsiveBannerComponent","container":"false","imageHeightDesktop":"310","centerContent":"false","imageHeightMobile":"373","showInApp":"false","media":{"tablet":{"code":"Willys_tomat_768px.jpg","mime":"image/jpeg","altText":"Willys_tomat_768px.jpg","url":"https://d2rfo6yapuixuu.cloudfront.net/h6e/hd7/8864437469214/Willys_tomat_768px.jpg"},"desktop":{"code":"Willys_tomat_1280px.jpg","mime":"image/jpeg","altText":"Willys_tomat_1280px.jpg","url":"https://d2rfo6yapuixuu.cloudfront.net/h18/hd4/8864437370910/Willys_tomat_1280px.jpg"},"mobile":{"code":"Willys_tomat_320px.jpg","mime":"image/jpeg","altText":"Willys_tomat_320px.jpg","url":"https://d2rfo6yapuixuu.cloudfront.net/h17/hd7/8864437436446/Willys_tomat_320px.jpg"},"widescreen":{"code":"Willys_tomat_1440px.jpg","mime":"image/jpeg","altText":"Willys_tomat_1440px.jpg","url":"https://d2rfo6yapuixuu.cloudfront.net/hbf/hd6/8864437403678/Willys_tomat_1440px.jpg"}},"article":"false","imageHeightTablet":"373","synchronizationBlocked":"false","buttonEnabled":"false","cookieBanner":"false"}]}}}]},"breadcrumbs":[]},"CSRF_TOKEN":"11bd63f3-31bd-4994-87ca-e75a2069c1e9","REMOTE_TRANSLATIONS":[{"namespace":"infowindow","values":{"store":{"goToLink":"Gå till butiksida","tel":"tel: ","openingHours":{"today":"Öppet idag: {{time}}"},"store":{"openMessage":{"notOpen":"Ny butik - öppnar inom kort","open":"Öppet idag: {{time}}","soon":"Ny butik - öppnar {{time}}"}}}}},{"namespace":"startPage","values":{"businessIdea":{"secondLine":"Sveriges","firstLine":"Vår affärsidé:","secondLineEnd":"billigaste matkasse."}}},{"namespace":"metadata","values":{"metadata":{"titleSuffix":"| Willys","description":"Hos oss kan du enkelt och billigt handla mat online. Vi har ett brett sortiment av mat och dryck och självklart ett stort ekologiskt utbud. Vår affärsidé: Sveriges billigaste matkasse!","title":"Handla bra mat billigt online"},"pdp":{"meta":{"titleWithManufacturer":"{{name}} {{volume}} från {{manufacturer}} | Willys","description":"Handla {{name}} {{volume}} billigt online. Vår affärside: Sveriges billigaste matkasse.","title":"{{name}} {{volume}} | Willys"}}}},{"namespace":"wishlist","values":{"shared":{"noEntriesMsg":"Det finns inga varor i listan. Be användaren som delat listan att lägga till varor eller skapa en egen lista.","listNotFoundText":"Listan är tyvärr inte tillgänglig. Be användaren att dela den igen","quantity":"st","lastUpdate":"Senast uppdaterad","listNotFoundHeading":"Oj då! Listan kan inte visas.","label":"Inköpslista"},"snack":{"listError":"Listan kunde inte läggas till","updateListNameError":"Namnet kunde inte ändras","listDeleted":"Listan borttagen","listUrlCopied":"Länk kopierad","listAdded":"Listan tillagd i varukorgen","listShareError":"Listan kunde inte delas, försök igen","listUpdateError":"Produkten kunde inte uppdateras, försök igen","listDeletedError":"Listan kunde inte tas bort"},"sorting":{"DATE":"Senast tillagd","NAME_ASC":"Namn (A-Ö)","LAST_UPDATED_DESC":"Senast uppdaterad","CATEGORY":"Kategori","NAME_DESC":"Namn (Ö-A)"},"details":{"offlinePrice":"Ej online","noEntriesMsg":"Du har inga varor i listan ännu. Sök på varor i fältet ovan eller i e-handeln för att lägga till dem i en lista.","listNotFoundLink":"Gå till \u003c0\u003eMina listor\u003c/0\u003e istället.","addToWishlistPlaceholder":"Sök efter en vara eller produkt","freeTextCategoryName":"Fritext","shareList":"Dela lista","productSelection":{"selectAllCheckbox":"Välj alla varor","addToCart":"Lägg valda produkter i varukorgen","choose":"Välj varor","close":"Stäng","open":"Välj varor från lista"},"addToWishlistPlaceholderMobile":"Lägg till produkt","storeMode":{"noCheckedEntriesHeading":"{{total}} varor","checkedEntriesHeading":"Avbockade varor","allCheckedEntriesHeading":"Du har bockat av alla varor!","someCheckedEntriesHeading":"{{checked}} av {{total}} varor avbockade","reset":"Nollställ","done":"Klar","open":"Visa som checklista","allChecked":"Du har bockat av alla varor!","dividerHeading":"Avbockade varor"},"listNotFoundText":"Det kanske blev fel adress eller så är listan borttagen.","addListToCart":"Lägg lista i varukorgen","outOfStock":"Tillfälligt slut","listNotFoundHeading":"Oj då! Vi kan tyvärr inte hitta listan.","addToCart":"Lägg lista i varukorg","suggestionError":"Det går inte att ladda produkter just nu","storeModeCTA":"Visa som checklista","priceInformation":"Lägg till listan i varukorgen för att se det totala priset."},"list":{"defaultListName":"Att handla {{date}}","noLists":"Du har inga listor ännu. Skapa en ny lista och sök därefter efter varor att lägga till i listan.","newList":"Ny lista","addToCart":"Lägg till i varukorg","myLists":"Mina listor","createNewModal":{"cancel":"Avbryt","confirm":"Ok","heading":"Skapa ny lista","error":"Det går inte att skapa en lista just nu, vänligen försök igen om en liten stund.","inputPlaceholder":"Namn på listan"},"updated":"Uppdaterad"},"actions":{"edit":"Redigera namn","addToCart":"Lägg till i varukorg","share":"Dela","delete":"Radera"},"tooltips":{"menuHint":"Här kan du välja vad du vill göra med din lista."}}},{"namespace":"tooltip","values":{"tooltip":{"nicotineMedicalProduct":"Nikotinläkemedel får inte säljas vid misstanke om langning till någon som inte har fyllt 18 år.","aboutThisSearchResult":"Om dessa resultat","tobaccoProduct":"18 års åldersgräns. Legitimation krävs vid utlämning.","loyalty":{"product":{"applied":"Varan har Willys Plus-pris."},"login":{"toSave":"för att ta del av erbjudandet."}},"originCountry":"För livsmedel avses det land där produkten senast är processad och/eller förpackad.","aboutThisHits":"Resultaten är sorterade enligt relevans. Som inloggad baseras relevansen i första hand på individuell köphistorik och övrig aktivitet på willys.se som t.ex. tillägg av artiklar i varukorg eller en inköpslista. I andra hand baseras relevansen på aktiviteter från samtliga besökare. För oinloggade kunder baseras relevansen enbart på aktiviteter från samtliga besökare. \u003c0\u003eLäs mer\u003c/0\u003e","removedVoucher":"Handla för minst {{minimumPurchaseAmount}} kr så kan du lägga till din värdecheck igen."}}},{"namespace":"mergeCart","values":{"mergeCart":{"closedOrder":{"text":"Det fanns en öppen order på ditt konto om du vill fortsätta ändra den behöver du öppna den på nytt.","title":"Hoppsan!"},"text":{"actions":"Du kan välja att slå ihop din aktuella varukorg med den sparade varukorgen. Du slutför sedan ditt köp som vanligt i kassan.","savedCart":"Du har sedan tidigare en sparad varukorg som innehåller {{count}} varor. Denna varukorg ändrades senast {{date}}."},"title":"Du har en sparad varukorg","actions":{"continueWithOneItemSession":"Fortsätt med aktuell varukorg ({{count}} vara)","continueWithMerged":"Slå ihop båda varukorgarna ({{count}} varor)","continueWithSession":"Fortsätt med aktuell varukorg ({{count}} varor)","continueWithPersistent":"Fortsätt med sparad varukorg ({{count}} varor)","continueWithOneItemPersistent":"Fortsätt med sparad varukorg ({{count}} vara)"}}}},{"namespace":"storeListPage","values":{"all":{"heading":"Alla butiker"},"openingHoursHeading":"Öppettider idag","cityHeading":"Ort","storeHeading":"Butik","showMore":"Visa fler","openingHoursBody":"Öppettider idag:","tel":"tel:","sort":{"display-name-asc":"Butik A-Ö","town-desc":"Ort Ö-A","town-asc":"Ort A-Ö","display-name-desc":"Butik Ö-A"},"storeLink":"Butikssida","clickAndCollect":{"heading":"Willys Hämta-butiker"}}},{"namespace":"personalElements","values":{"voucher":{"button":"Visa","text":"Giltig t.o.m","title":"Värdecheck","modal":{"selfcheckout":{"requirements":"Minsta köpbelopp {{value}} kr. ","validIn":"Gäller endast i snabbkassan.","text":"Ange den sjusiffriga koden för att lösa in din värdecheck när du betalar i snabbkassan. Värdechecken kan inte växlas in mot pengar"},"selfscan":{"requirements":"Minsta köpbelopp {{value}} kr. ","validIn":"Gäller endast vid självscanning ink. Scan\u0026Go.","text":"Ange den sjusiffriga koden för att lösa in din värdecheck när du självscannar. Om du använder Scan\u0026Go finns den att lägga till i samband med betalning. Värdechecken kan inte växlas in mot pengar."},"code":"Ange kod:","absoluteValue":"kronor","online":{"requirements":"Minsta köpbelopp {{value}} kr. ","validIn":"Gäller endast online.","text":"Värdechecken finns att lägga till i kassan på willys.se. Den kan inte växlas in mot pengar."},"validUntil":"Giltig t.o.m {{date}}","percentageValue":"procent","title":"Värdecheck {{value}} {{unit}}","omni":{"requirements":"Minsta köpbelopp {{value}} kr. ","validIn":"Gäller i butik och online.","text":"Ange den sjusiffriga koden för att lösa in din värdecheck i butik. Om du handlar online finns den att lägga till i kassan på willys.se. Värdechecken kan inte växlas in mot pengar."}}},"digitalReceipt":{"button":"Kvitto","inStore":"i butik","online":"online","text":"Handlat {{mode}} {{date}}","title":"Senaste kvitto"},"title":"Hej {{name}}","order":{"button":{"cancel":"Avbryt","change":"Ändra","show":"Visa"},"pickUpInStore":"Hämtas","today":"idag","tomorrow":"imorgon","homeDelivery":"Hemleverans","status":{"ongoing":"Pågående Order","cancelledOrCancelling":"Avbeställd Order","delivered":"Senaste Order"}}}},{"namespace":"cart","values":{"button":{"saveToList":"Spara till lista","delete":"Ta bort","empty":"Töm varukorg"},"cancelDelete":"Ångra ta bort","loyalty":{"or":"eller","youCanSave":"Du kan spara ytterligare","createAccount":" skapa konto ","logIn":"Logga in ","toSave":"för att spara mer."},"restriction":{"age18":"Beställningen innehåller varor som har en åldersgräns. Detta innebär att någon över 18 år måste ta emot leveransen.","nicotine":"Nikotinläkemedel får inte säljas vidare vid misstanke om langning till någon som inte har fyllt 18 år.","nicotineLabel":"Får ej säljas vid misstanke om langning.","age15":"Beställningen innehåller varor som har en åldersgräns. Detta innebär att någon över 15 år måste ta emot leveransen.","alt":"{{type}} restriktion"},"outOfStock":"Tillfälligt slut","table":{"summary":{"reservedAmount":"Totalbelopp","deliveryModeCode":{"pickupInStore":"Hämta i butik","homeDeliveryB2b":"Leverans","homeDelivery":"Hemleverans"},"subTotalWithDiscounts":"Total varukostnad","totalDepositSum":"Varav pant: {{deposit}}","bufferedAmountTooltip":"Vi reserverar 10% av det totala ordervärdet för att ta höjd för viktvariation på varor med kilopris samt antal kassar. När ordern är plockad justeras det reserverade beloppet så att du endast betalar för den faktiska vikten på dina varor samt antal kassar (2,50kr/st).","oldOrderPrice":"Tidigare totalbelopp:","priceDiff":"Mellanskillnad:","orderSummary":"Orderöversikt","employeeDiscountTotal":"Erhållen personalrabatt","pickUpCost":"Expressavgift","appliedVouchers":{"external":"Värdecheck","tooltip":"Rabatten räknas ut på din totala varukorg inkl. erbjudanden. Rabatten räknar inte med det belopp som är reserverat för viktvaror eller rabattkoder/värdecheckar. Du får inte heller rabatt på varor som tillhör kategorierna läkemedel, lotter eller tobak.","notExternal":"Rabattkod {{name}}"},"netTax":"Varav moms:","totalPromotionDiscount":"Du sparar totalt","reservedAmountB2b":"Preliminärt totalbelopp","pickUpExternalLocationCost":"Hämtavgift","totalUnitCount":"Antal varor","pickingCost":"Plockavgift","bufferedAmount":"Reserverat för viktvaror 10%"},"headings":{"summary":"Summa","amount":"Antal","price":"Ord.pris","category":"Kategori"}},"productReplacement":{"replaceNoneDescription":"Om varor i din order är tillfälligt slut ersätter vi dem inte.","notReplaceableLabel":"Ej ersättningsbar","replaceSomeDescription":"Om varor i din order är tillfälligt slut ersätter vi om möjligt utvalda varor med jämförbara varor.","replaceAllDescription":"Om varor i din order är tillfälligt slut ersätter vi dem om möjligt med jämförbara varor.","editButton":"Hantera ersättningsvaror","closeButton":"Stäng","replaceEkoCheckbox":"Ekologiska varor kan ersättas med ej ekologiska varor","replaceCheckbox":"Ersätt vara","replaceAllCheckbox":"Tillåt ersättningsvaror för alla varor","replaceEkoTooltip":"Om en ekovara du köpt är tillfälligt slut när vi plockar din order kan vi ersätta den med en jämförbar vara som inte är ekologisk."},"promotion":{"price":{"savings":"Du sparar {{savings}}"},"deposit":"+pant"}}},{"namespace":"productCard","values":{"quantityInput":{"outOfStock":"Tillfälligt slut","description":"Ändra produktantal","increase":"Öka antal","ok":"OK","error":{"message":"Varuantal ändrades inte"},"decrease":"Minska antal"}}},{"namespace":"loginHint","values":{"loginHint":{"loginIn":"Logga in","createAccount":"Skapa konto","title":"Som inloggad får du mer","desc":"Logga in eller skapa konto för att ta del av personliga erbjudanden och värdecheckar."}}},{"namespace":"cartConflictModal","values":{"cancel":"Avbryt","singleProduct":"En vara","replacementItemsCouldNotBeFound":"Dessa varor kan inte ersättas och kommer därför att tas bort från din varukorg.","replace":"Ersätt","sizeVariation":"Storlek och antal kan variera","products":"{{amount}} st varor","dontReplace":"Ersätt inte","continue":"Fortsätt","productNotInStock":"Varor ej i lager","productsNotAvailable":"Varor ej tillgängliga","outOfStock":"Tillfälligt slut","replaceWith":"Ersätt med"}},{"namespace":"bankid","values":{"button":{"signInDesktop":"Signera med BankID","signInMobile":"Signera med Mobilt BankID","signInMobileOtherUnit":"Mobilt BankID på annan enhet","signInMobileThisUnit":"Mobilt BankID på denna enhet"},"logo":"BankID","label":{"ssn":"Personnummer"},"status":{"USER_CANCEL":"Du har valt att avbryta legitimeringen eller underskriften i BankID säkerhetsapp.","SELECT_SIGN_IN_METHOD":"För att gå vidare behöver du signera med ditt BankID","CLIENT_ERR":"Internt tekniskt fel. Uppdatera BankID-appen och försök igen.","CERTIFICATE_ERR":"Det BankID du försöker använda är för gammalt eller spärrat. Använd ett annat BankID eller hämta ett nytt hos din internetbank.","INVALID_PARAMETERS":"Något gick fel, försök igen.","OUTOFSERVICE_ERROR":"Tjänsten är inte tillgänglig just nu försök igen senare.","NO_CLIENT":"Starta BankID på den enhet där du har den installerad.","USER_SIGN":"Skriv in din säkerhetskod i BankID-appen och välj ”Legitimera” eller ”Skriv under”","UNDEFINED":"Något gick fel, försök igen.","INTERNAL_ERROR":"Internt tekniskt fel. Försök igen.","CONNECTION_ERROR":"Kunde inte ansluta till BankID, försök igen.","START_FAILED":"BankID-appen verkar inte finnas i din dator eller telefon. Installera den och hämta ett BankID hos din internetbank. Installera appen från install.bankid.com.","PENDING":"Skriv in din säkerhetskod i BankID-appen och välj ”Legitimera” eller ”Skriv under”","RETRY":"Internt tekniskt fel. Försök igen.","UNAUTHORIZED_ERROR":"Kunde inte ansluta till BankID. Kontrollera personnummer.","CANCELLED":"Åtgärden avbruten. Försök igen.","COMPLETE":"Signering genomförd","ACCESS_DENIED_RP":"Något gick fel, försök igen.","OUTSTANDING_TRANSACTION":"Starta BankID på den enhet där du har den installerad.","EXPIRED_TRANSACTION":"BankID-appen svarar inte. Kontrollera att den är startad och att du har internetanslutning. Om du inte har något giltigt BankID kan du hämta ett hos din Bank. Försök sedan igen","ALREADY_IN_PROGRESS":"Åtgärden avbröts. Du kan göra ett nytt försök att signera om några minuter."}}},{"namespace":"checkoutEmptyCartModal","values":{"modal":{"buttons":{"ok":"Ok"},"text":{"line1":"Det var länge sedan du var aktiv, vänligen logga in igen för att fortsätta med din order."},"title":"Hoppsan!"}}},{"namespace":"storefinder","values":{"findNearestStore":"Hitta närmaste butik","search":{"placeholder":"Sök efter butik"},"storeNotFound":{"link":"Se alla Willys-butiker","title":"{{ search }} hittades inte.","body":"Sök på ort, adress eller butiksnamn. Hittar du inte din butik?"},"geoLocationDisabled":{"body":"Det gick inte att fastställa din position. Har du aktiverat platstjänster?","title":"Något gick snett"}}},{"namespace":"deliverypicker","values":{"deliveryPicker":{"autoComplete":{"pickupLocation":{"franchise":{"storeNotChangeable":"Du kan ej byta till denna butik vid ändring av order."},"emptySlot":{"head":"{{ search }} hittades inte.","notfound":"Hittar du inte din butik?","link":"Se alla Hämta-butiker","text":"Sök på ort, adress eller butiksnamn."},"labels":{"externalLocation":"Fristående Willys hämta"}}},"tabs":{"pickUpInStore":"HÄMTA","homeDelivery":"HEMLEVERANS"},"tooltip":{"text":"Din sparade tid släpps om du inte är aktiv inom 30 minuter.","title":"Leveranstid sparad"},"label":{"chooseStore":"Välj butik","storeChosen":"Vald butik"},"error":{"noDeliveryAvailable":"Vi levererar tyvärr inte till ditt område än.","invalidAddress":"Ogiltig adress. Ange den enligt ex. Storgatan 1, 12345 Stad."},"title":{"default":"Välj leverans","pickUp":"Hämta","home":"Hemleverans"},"button":{"cancel":"Avbryt","continue":"Forsätt","ok":"OK"},"input":{"address":"Adress"},"price":{"pickUpInStore":"Hämta i butik från 59 kr","homeDelivery":"Hemleverans från 158 kr"},"addressChanger":{"change":"Ändra","deliverTo":"Leverans till","pickUpFrom":"Hämtas från"},"placeholder":{"address":"Ange adress","postalCode":"Ange postnummer","store":"Sök efter din butik"},"info":{"homeDeliveryAddress":"Ange din adress för att se rätt sortiment.","pickUpInStore":"Välj butik för att se rätt sortiment.","homeDelivery":"Vi behöver veta ditt postnummer för att visa dig rätt sortiment. Just nu visas exempellager och lagret kan variera mellan butiker.","verifyAddress":"Vi behöver veta din adress för att visa dig rätt sortiment. Just nu visas exempellager och lagret kan variera mellan butiker."}}}},{"namespace":"modal","values":{"modal":{"cancel":"Avbryt","confirm":"Spara","wishList":{"update":{"title":"Ändra namn på lista"},"pdp":{"offline":{"title":"Den här produkten är inte tillgänglig online"}},"delete":{"title":"Är du säker på att du vill ta bort listan?"}},"yes":"Ja","ok":"Ok","close":"Stäng","cart":{"empty":{"cancel":"Avbryt","confirm":"Töm","title":"Är du säker på att du vill tömma din varukorg?"}},"deleteCard":{"confirm":"Ta bort","title":"Är du säker på att du vill ta bort ditt sparade kort?"}}}},{"namespace":"order","values":{"cancelOrder":{"button":"Avbeställ order"},"cancelChangingOrder":{"button":"Avbryt ändring"},"heading":"Tack för din order!","statusCopy":{"coAccount":{"placedBy":"Order lagd av {{name}}.","notEditableByCoAcct":" Du kan inte ändra eller lägga till varor i denna order."},"details":{"notAnonymous":"Du kan lägga till varor eller avbeställa din order fram till {{closeTimeAndDate}}","anonymous":"Du kan avbeställa din order fram till {{closeTimeAndDate}}"},"confirmation":{"notAnonymous":"Via din \u003c0\u003eorderdetaljsida\u003c/0\u003e kan du lägga till varor eller avbeställa din order fram till {{closeTimeAndDate}}","anonymous":"Via din \u003c0\u003eorderdetaljsida\u003c/0\u003e kan du avbeställa din order fram till {{closeTimeAndDate}}"}},"addOrderToCart":{"cancel":"Avbryt","confirm":"Lägg till","cta":"Lägg order i varukorg","heading":"Vill du lägga alla varor från ordern i varukorgen?"},"history":{"date":"Datum","orderNumber":"Ordernummer","saved":"Sparat","deliveryMethod":"Leveranssätt","noOrdersInRange":"Du har inga köp för den valda perioden. Välj en annan period i kalendern.","noActiveOrders":"Du har ingen pågående order just nu.","sum":"Summa","ongoing":"Pågående ordrar","orderDetailLinkText":"Se order","orderedQuantity":"Beställda","purchases":"Köp","deliverQuantity":"Levereras","datePicker":{"cta":"OK"},"orderNumberMobile":"Ordernr","myPages":"På \u003c0\u003eMitt konto\u003c/0\u003e kan du välja att få dina kvitton digitalt.","bonusFetchError":"Det går tyvärr inte att visa din köphistorik just nu.","totalSum":"Summa","pickUpInStore":"Hämta i butik","newCustomerMessage":"När du gjort ditt första köp med Willys Plus kommer du se det här.","showMore":"Visa fler","paymentMethod":"Betalsätt","homeDelivery":{"b2c":"Hemleverans","b2b":"Leverans"},"orderFetchError":"Det går tyvärr inte att visa dina pågående ordrar just nu.","status":"Status"},"labels":{"date":"Orderdatum","partiallyDelivered":"Delvis levererat","orderStatus":"Status","delivered":"Levererat","tracking":"Följ din order","deliveryAddress":"Leveransadress","replacedMessage":"Du betalar alltid det lägsta priset om ersättningsvaran är dyrare.","deliveryModeAndTime":"Leveranssätt och tid","pickupInformation":"Övrig Information","credit":"Kreditering","ordered":"Beställt","item":"vara","doorCode":"Portkod","orderNo":"Ordernummer","transactionNumber":"Transaktionsnummer","pickupStore":"Upphämtningsbutik","replaced":"Ersättningsvaror","contactDetails":"Kontaktuppgifter","canceled":"**Avbeställd**","notDelivered":"Kunde ej levereras","paymentMethod":"Betalsätt","online":"E-handel","receipt":"Kvitto","msgToDriver":"Meddelande till chauffören","items":"varor"},"subHeadingRow2":"Om du har frågor gällande din order, \u003c0\u003eklicka här.\u003c/0\u003e","subHeadingRow1":"Ett bekräftelsemail har skickats till din e-postadress.","startChangingOrder":{"button":"Ändra order"},"saveToList":"Spara som lista","paymentMethods":{"PspPayexAll":"Betalkort","Invoice":"Faktura","Klarna":"Klarna"},"boughtAndSaved":{"totalMemberDiscountAmount":{"line2":"WILLYS PLUS","line1":"SPARAT MED "},"currency":"kr","title":"Handlat och sparat","totalPurchaseSum":"Handlat","totalBonusApplicable":{"line2":"WILLYS PLUS {{year}}","line1":"SPARAT MED"}},"currency":"kr","subHeadingLink":"/artikel/kundservice/vanliga-fragor-och-svar","modal":{"buttons":{"no":"Nej","yes":"Ja","ok":"Ok"},"text":{"orderAlreadyOpen":{"line2":"Du behöver avsluta denna order innan du kan ändra en annan.","line1":"Du ändrar redan order {{orderNumber}}."},"startChangingOrder":"Om du öppnar ordern kommer priserna att justeras till det nu gällande priset.","thisOrderAlreadyOpen":"Din order är redan i ändra-läge.","notReady":"Din order är snart redo att uppdateras. Försök igen om en liten stund.","orderCanNoLongerBeChanged":"Tyvärr kan du inte längre lägga till varor i din order"},"title":{"cancelOrder":"Vill du avbeställa din order?","orderAlreadyOpen":"Något gick fel","startChangingOrder":"Vill du ändra din order?","notReady":"Snart redo"}}}},{"namespace":"lostPassword","values":{"step6":{"infoText":"Ditt nya lösenord har nu skapats.","phone":{"submitButton":"Ok","heading":"Klart"},"email":{"submitButton":"Ok","heading":"Klart"}},"step7":{"infoText":"Hoppsan! Tiden för att uppdatera ditt lösenord har gått ut. Prova att återställa det igen.","phone":{"submitButton":"Återställ lösenord","heading":"Något gick fel"},"email":{"submitButton":"Återställ lösenord","heading":"Något gick fel"}},"step4":{"email":{"infoText":"Vi har skickat en länk där du kan skapa ett nytt lösenord. Länken är giltig i 30 minuter. ","submitButton":"Ok","heading":"Klart"}},"step5":{"phone":{"infoText":"Vi har skickat en 6-siffrig kod till telefonnummer \u003c0\u003e{{phone}}\u003c/0\u003e. Koden är giltig i 30 minuter.","submitButton":"Skicka","heading":"Skapa nytt lösenord","smsCodePlaceholder":"SMS-Kod"},"passwordPlaceholder":"Nytt lösenord","rememberMe":"Håll mig inloggad","email":{"submitButton":"Skicka","heading":"Skapa nytt lösenord"},"repeatPasswordPlaceholder":"Upprepa lösenord"},"error":{"updatePwd":{"smsToken":{"expired":"Tiden för att återställa ditt lösenord har gått ut. Återställ på nytt.","invalid":"Felaktig SMS-kod"},"token":{"expired":"Tiden för att uppdatera ditt lösenord har gått ut. Prova att återställa det igen.","invalid":"Prova att återställa ditt lösenord igen","invalidated":"Prova att återställa ditt lösenord igen"}},"register":{"uid":{"unknown":"Personnumret eller medlemsnumret är i ogiltigt format. Vänligen kontrollera."},"b2b":{"error":{"companyNotFound":"Bisnode: ogiltigt företag"}},"phone":{"invalidFormat":"Telefonnumret är i ogiltigt format. Behöver anges enligt 07XXXXXXXX. Var vänlig och kontrollera.","noMatch":"Telefonnumret matchar inte ditt konto, vänligen försök igen."},"socialSecurityNumber":{"invalidFormat":"Fel format. Vänligen ange ditt personnummer enligt: ååååmmddxxxx","age":"Du måste ha fyllt 18 år för att handla."},"idInSourceSystem":{"noMatch":"Felaktigt Willys Plus-nummer."},"error":{"default":"Dina ändringar kunde inte sparas. Vänligen försök igen."},"accountNumber":{"invalidFormat":"Personnumret/Medlemsnummer är i ogiltigt format. Var vänlig och kontrollera."},"email":{"invalidFormat":"E-postadressen är i ogiltigt format.","noMatch":"Vi känner inte igen den angivna e-postadressen."}}},"step2":{"phone":{"submitButton":"Nästa","heading":"Återställ lösenord"},"radioPhone":"Ditt telefonnummer i vårt system:","title":"Välj hur du vill återställa ditt lösenord.","email":{"submitButton":"Nästa","heading":"Återställ lösenord"},"radioEmail":"Din e-post i vårt system:"},"step3":{"phone":{"submitButton":"Skicka","heading":"Återställ lösenord","label":"Ditt telefonnummer i vårt system:","placeholder":"Ange ditt telefonnummer","title":"Bekräfta ditt telefonnummer så skickar vi en kod för att återställa ditt lösenord."},"email":{"submitButton":"Skicka","heading":"Återställ lösenord","label":"Din e-post i vårt system:","placeholder":"Ange din e-postadress","title":"Verifiera din e-postadress så skickar vi en länk för att återställa ditt lösenord."}},"step1":{"b2cTabTitle":"Privat","b2c":{"tooltip":"Ange personnummer (ååååmmddxxxx) eller Willys Plus-nummer på 16 siffror","placeholder":"Personnummer / Willys-Plus-nummer"},"b2b":{"tooltip":"Ditt kundnummer består av sex siffror","placeholder":"Kundnummer"},"phone":{"submitButton":"Nästa","heading":"Återställ lösenord"},"b2bTabTitle":"Företag","error":{"b2c":"Ange personnummer (ååååmmddxxxx) eller Willys Plus-nummer på 16 siffror.","noEmailPhone":"Vi saknar kontaktuppgifter till dig. Vänligen kontakta kundtjänst.","b2b":"Fel format. Vänligen ange ditt kundnummer i formen xxxxxx"},"email":{"submitButton":"Nästa","heading":"Återställ lösenord"}},"infoTextHelp":"Behöver du hjälp?","infoTextContact":"Kontakta kundtjänst","modal":{"createAccountButton":"Skapa konto","cancelButton":"Avbryt","text":"Du har inte ett konto hos oss. Vill du skapa ett konto?","title":"Inget konto hittades"},"b2bNoAccountError":"Kundnumret hittades inte. Vänligen försök igen eller kontakta kundtjänst om du har frågor gällande kundnummer."}},{"namespace":"productFilter","values":{"selectedFilters":"Valda filter","clear":"Rensa","clearFilters":"Rensa filter","title":"Filtrering","done":"Klar","filter":"Filtrera","totalResults":"{{totalResult}} varor","showAll":"Visa fler","resetFilterNotification":"Filter rensade!","appliedFilters":"Filter ({{amount}})","categories":{"categoryLevel1":"Kategori","campaignType":"Erbjudande","categoryLevel2":"Kategori","label":"Märkningar","category":"Sortiment","productLabelTypes":"Märkningar","popular":"Populärast","commercialName2":"Varumärken"},"singleFilterSelected":"1 filter valt","showLess":"Visa färre","multipleFilterSelected":"{{amount}} filter valda"}},{"namespace":"loadMore","values":{"showAll":"Visa alla","showMore":"Visa fler","showing":"Visar {{x}} av {{y}}"}},{"namespace":"sidenav","values":{"sidenav":{"header":{"categories":"Sortiment"}}}},{"namespace":"productDetailsRelated","values":{"title":{"similarProducts":"Liknande varor","otherVariants":"Liknande varor i samma serie","samePromotion":"Produkter som ingår i samma erbjudande","othersBought":"Andra har också köpt..."}}},{"namespace":"createAccount","values":{"confirmation":{"b2c":{"uspHeading":"Willys\u003c0\u003ePlus\u003c/0\u003e","ctaText":"Se erbjudanden","heading":"Grattis!","usp1":"Fler och bättre erbjudanden","welcomeTextLine2":"Ett bekräftelsemejl med dina kontouppgifter har skickats till: {{email}}","welcomeTextLine1":"Nu kan du börja handla som Willys Plus-kund.","uspBody":"När du skapar konto blir du Willys Plus-kund och kan göra en ännu bättre affär hos oss. Dessutom får du tillgång till flera digitala tjänster som förenklar din vardag.","usp4":"Skapa inköpslistor","usp2":"Inget extra kort i plånboken","usp3":"Handlat \u0026 sparat","preambleLine2":"Willys\u003c0\u003ePlus\u003c/0\u003e!","preambleLine1":"Välkommen till"}},"step2":{"b2c":{"loginCheckbox":"Håll mig inloggad","submit":"Skicka","digitalReceiptInfo":"Dina digitala kvitton finns under Mina köp på willys.se eller i Willys-appen. Du får inte längre fysiska kvitton i butik. \u003c0\u003eLäs mer om digitala kvitton.\u003c/0\u003e","passwordPlaceholder":"Lösenord","acceptTerms":"Jag godkänner Willys Plus \u003c0\u003evillkor\u003c/0\u003e. Läs om hur vi hanterar dina personuppgifter i Willys \u003c1\u003eintegritetspolicy\u003c/1\u003e*","title":"Skapa konto","ssn":"Personnummer","password":"Lösenord (Minst 6 tecken)","emailPlaceholder":"Ange din e-postadress","subTitle":"Willys Plus","digitalReceiptSubscribe":"Ja tack, jag vill få digitala kvitton","phone":"Mobilnummer","phonePlaceholder":"Ange ditt telefonnummer","passwordRepeat":"Upprepa lösenord","email":"E-post"},"b2b":{"postalCode":"Postnummer","companyName":"Företagsnamn","INVOICE_ELECTRONIC":"E-faktura (0 kr)","firstNamePlaceholder":"Ange förnamn","invoiceEmail":"E-post för faktura","checkPasswordPlaceholder":"Ange lösenord","paymentCard":"Kortbetalning","paymentHeading":"Välj önskat betalsätt","password":"Lösenord (minst 6 tecken)","alternateCompanyNameCheckbox":"Jag vill ange ett alternativt företagsnamn","subTitle":"Företag","terms":"Jag godkänner Willys \u003c0\u003eföretagsavtal\u003c/0\u003e. Läs om hur vi hanterar dina personuppgifter i Willys \u003c1\u003eintegritetspolicy\u003c/1\u003e*","deliveryAddress":"Adress","lastNamePlaceholder":"Ange efternamn","billingTownPlaceholder":"Ange postort","invoiceReferencePlaceholder":"Ange referens","companyNamePlaceholder":"Ange företagsnamn","INVOICE_PAPER":"Pappersfaktura (50 kr)","town":"Postort","invoiceReference":"Referens","billingAddressPlaceholder":"Ange gatuadress","invoiceInfoText":"För dig som vill betala via autogiro kan du ansöka om det genom att skicka in en blankett som du finner på vår \u003c0\u003esida för företagskunder.\u003c/0\u003e","deliveryAddressPlaceholder":"Ange gatuadress","deliveryHeading":"Leveransadress","billingTown":"Postort","firstName":"Förnamn","checkPassword":"Upprepa lösenord","phone":"Mobilnummer","phonePlaceholder":"Ange mobilnummer","serviceProvider":"Tjänsteleverantörspartner","paymentInvoice":"Faktura och kortbetalning","contactHeading":"Kontaktperson","errors":{"address":"Felaktig adress","city":"Felaktig postort","fromBE":"Just nu kan du inte skapa ett konto. Vänligen försök igen om en liten stund.","postalCode":"Felaktigt postnummer","missingLetter":"Gatunumret i den angivna adressen saknar en bokstav. Vänligen försök igen.","title":"Konto skapades inte","invalidFormattedAddress":"Välj en leveransadress bland förslagen i listan."},"lastName":"Efternamn","INVOICE_EMAIL":"Faktura via e-post (0 kr)","submit":"Skicka","passwordPlaceholder":"Ange lösenord","billingPostalCodePlaceholder":"Ange postnummer","invoiceHeading":"Faktura","title":"Skapa konto","invoiceEmailPlaceholder":"Ange e-postadress","billingHeading":"Fakturaadress","email":"E-post","townPlaceholder":"Ange postort","postalCodePlaceholder":"Ange postnummer","invoiceCheckbox":"Välj annan fakturaadress","emailPlaceholder":"Ange e-postadress","serviceProviderTooltip":"Den samarbetspartner ert företag använder sig av för att ta emot e-fakturor","billingPostalCode":"Postnummer","persistLogin":"Håll mig inloggad","billingAddress":"Adress","serviceProviderPlaceholder":"Ange tjänsteleverantörspartner"},"error":{"general":"Just nu kan du inte skapa ett konto. Vänligen försök igen om en liten stund.","passwordFormatTitle":"Lösenordet ska bestå av:","title":"Konto skapades inte","passwordFormatCharacters":"\\/\u003c\u003e_~@$%^\u0026+=`|{}:;!.,?[]","passwordFormatError":"\u003c0\u003e6-30 tecken\u003c/0\u003e\u003c1\u003eEn stor och en liten bokstav.\u003c/1\u003e\u003c2\u003eFöljande specialtecken kan användas:\u003c/2\u003e"}},"step3":{"b2c":{"uspHeading":"Willys\u003c0\u003ePlus\u003c/0\u003e","usp4":"Skapa inköpslistor","ctaText":"Se erbjudanden","uspBody":"När du skapar konto blir du Willys Plus-kund och kan göra en ännu bättre affär hos oss. Dessutom får du tillgång till flera digitala tjänster som förenklar din vardag.","heading":"Grattis!","usp2":"Inget extra kort i plånboken","usp3":"Handlat \u0026 sparat","usp1":"Fler och bättre erbjudanden","welcomeText":"Nu kan du börja handla som Willys Plus-kund.\u003c0\u003e\u003c/0\u003eEtt bekräftelsemejl med dina kontouppgifter har skickats till: {{email}}","title":"Välkommen till\u003c0\u003e\u003c/0\u003eWillys\u003c1\u003ePlus\u003c/1\u003e!"},"b2b":{"ctaText":"Börja handla","heading":"Grattis!","welcomeText":"Du kan nu börja handla som företagskund med kundnummer \u003c0\u003e{{customerNo}}\u003c/0\u003e. Ett bekräftelsemail med dina kontouppgifter har skickats till: {{email}}","title":"Välkommen som företagskund","titleLine2":"företagskund","titleLine1":"Välkommen som"}},"modal":{"found":{"loginBtn":"Logga in","createAccountBtn":"Skapa konto","text":"Företaget har redan ett konto. Du kan välja att logga in på befintligt konto eller att skapa ett nytt.","title":"Konto hittades"},"notFound":{"text":"Vi hittar inget företag registrerat på organisationnumret du angav. Vänligen kontrollera att du angett korrekt information eller kontakta kundtjänst om problemet kvarstår.","title":"Okänt organisationsnummer"}},"step1":{"infoText":"Redan Willys Plus-kund? \u003c0\u003eLogga in\u003c/0\u003e","buttonText":"Nästa","b2c":{"formatError":"Fel format. Vänligen ange ditt personnummer enligt: ååååmmddxxxx","tabTitle":"Privat","subTitle":"Willys Plus","tabTitleB2b":"Företag","placeholderSsn":"Personnummer (ååååmmddxxxx)","tabTitleB2c":"Privat","title":"Skapa konto"},"b2b":{"formatError":"Fel format. Vänligen ange ditt organisationsnummer enligt xxxxxx-xxxx","placeholderOrg":"Organisationsnummer (XXXXXX-XXXX)","tabTitle":"Företag","subTitle":"Företag","notAllowedOrgNumber":"Tyvärr kan du inte bli företagskund med denna bolagsform. \u003c0\u003eKontakta kundtjänst\u003c/0\u003e för mer information.","companyNotFound":"Konto kunde inte skapas med organisationnumret du angav. Vänligen kontrollera att du angett korrekt information eller kontakta kundtjänst om problemet kvarstår.","title":"Skapa konto"},"error":{"register":{"socialSecurityNumber":{"invalidFormat":"Fel format. Vänligen ange ditt personnummer enligt: ååååmmddxxxx","age":"Du måste ha fyllt 18 år för att handla."},"error":{"default":"Just nu krånglar tekniken, vänligen försök igen."}}}}}},{"namespace":"paymentModes","values":{"input":{"usersOrderReferenceLengthError":"Ogiltigt personnummer, måste vara 12 tecken.","usersOrderReference":"Personnummer för bankID","placeholder":"(ååååmmddnnnn)"},"tooltip":{"saveCard":"Om du sparar ditt kort kan du snabbare slutföra framtida köp. Kortuppgifterna överförs till PayExs betalsida som är SSL-krypterad för säker internetöverföring och sparas inte av Willys e-handel.","cardDisabled":"Det är inte möjligt att byta betalsätt vid uppdatering av en befintlig order."},"paymentModes":{"PspPayexAll":"Kortbetalning","Invoice":"Faktura","PayexAll":"Kortbetalning","Klarna":"Direktbetalning, faktura eller delbetalning","Payex":"Kortbetalning"},"title":"Betalsätt","klarnaSubText":"fr. 0 kr","card":{"new":"Nytt kort","maskedNumber":"Kort med nummer: ","save":"Spara kortuppgifter","expireDate":"Giltigt till och med: ","delete":"Ta bort kort"}}},{"namespace":"orderConfirmation","values":{"subHeadingRow2":"Om du har frågor gällande din order, \u003c0\u003eklicka här.\u003c/0\u003e","subHeadingRow1":"Ett bekräftelsemail har skickats till din e-postadress.","heading":"Tack för din order!","paymentMethods":{"PspPayexAll":"Betalkort","Klarna":"Klarna"},"statusCopy":{"notAnonymous":"Via din \u003c0\u003eorderdetaljsida\u003c/0\u003e kan du lägga till varor eller avbeställa din order fram till {{closeTimeAndDate}}","anonymous":"Via din \u003c0\u003eorderdetaljsida\u003c/0\u003e kan du avbeställa din order fram till {{closeTimeAndDate}}"},"subHeadingLink":"/artikel/kundservice/vanliga-fragor-och-svar","labels":{"doorCode":"Portkod","orderNo":"Ordernummer","deliveryAddress":"Leveransadress","transactionNumber":"Transaktionsnummer","pickupStore":"Upphämtningsbutik","orderStatus":"Status","deliveryModeAndTime":"Leveranssätt och tid","paymentMethod":"Betalsätt","msgToDriver":"Meddelande till chauffören","contactDetails":"Kontaktuppgifter"}}},{"namespace":"breadcrumbs","values":{"myLists":"Mina listor","home":"Hem"}},{"namespace":"relatedProductsBeam","values":{"showMore":"Visa fler","title":{"otherVariants":"Liknande varor","samePromotion":"Produkter som ingår i samma erbjudande","othersBought":"Andra har också köpt..."},"showing":"Visar {{x}} av {{y}}"}},{"namespace":"storeSearch","values":{"autoComplete":{"emptySlot":{"head":"{{ search }} hittades inte.","notfound":"Hittar du inte din butik?","link":"Se alla butiker","text":"Sök på ort, adress eller butiksnamn."}},"search":"Sök efter din butik"}},{"namespace":"storePage","values":{"THURSDAY":"tor","SUNDAY":"sön","TUESDAY":"tis","FRIDAY":"fre","showOnMap":"Visa på karta","showFlyer":"Se veckans reklamblad","WEDNESDAY":"ons","MONDAY":"mån","showAll":"Visa alla","directions":"Färdbeskrivning","service":"Service","contact":"Kontakt","SATURDAY":"lör","openingHours":"Öppettider","storeInfo":"Butiksinfo","weekendOpeningHours":"Helgöppettider","findUs":"Hitta till oss"}},{"namespace":"expandableContainer","values":{"showMore":"Visa mer","showLess":"Visa mindre"}},{"namespace":"promotionStoreDetails","values":{"storeFlyer":"Se butikens reklamblad","changeStore":"Byt butik","store":{"openMessage":{"notOpen":"Ny butik - öppnar inom kort","open":"Öppet idag: ","soon":"Ny butik - öppnar "}},"info":"Eftersom sortiment kan variera mellan olika butiker behöver vi veta din butik för att kunna visa rätt erbjudanden"}},{"namespace":"vouchercard","values":{"voucher":{"codeInStore":"Ange kod i butik:","code":"Ange kod:","backside":{"selfcheckout":{"first":"Mata in den sjusiffriga koden på skärmen i snabbkassan för att lösa in din värdecheck. Värdechecken gäller endast när du handlar i snabbkassan","second":"Värdechecken kan inte växlas in mot pengar."},"selfscan":{"first":"Mata in den sjusiffriga koden på skärmen vid utcheckning för att lösa in din värdecheck. Värdechecken gäller endast när du självscannar","second":"Värdechecken kan inte växlas in mot pengar."},"minPurchaseAmount":{"selfcheckout":" och för minst {{minPurchaseAmount}}.","selfscan":" och handlar för minst {{minPurchaseAmount}}.","online":" och för minst {{minPurchaseAmount}}. ","checkout":null,"omni":" Den gäller endast när du handlar för minst {{minPurchaseAmount}}."},"online":{"first":"Värdechecken finns att lägga till när du checkar ut din order på willys.se. Den gäller endast när du handlar online","second":"Värdechecken kan inte växlas in mot pengar."},"omni":{"first":"Ange den sjusiffriga koden för att lösa in din värdecheck. Om du handlar online finns den att lägga till när du checkar ut din order på willys.se.","second":"Värdechecken kan inte växlas in mot pengar."},"checkout":{"first":null,"second":null}},"channel":{"selfcheckout":"Gäller \u003cstrong\u003eendast\u003c/strong\u003e i snabbkassan","selfscan":"Gäller \u003cstrong\u003eendast\u003c/strong\u003e vid självscanning","online":"Gäller \u003cstrong\u003eendast\u003c/strong\u003e online","omni":"Gäller i butik och online","checkout":null},"icon":{"close":"Stäng","info":"Mer information"},"currency":{"sek":"kr"},"used":"Nyttjad","title":"Värdecheck {{value}}","codeInOnlineStore":"Lägg till i kassan online","purchaseAmount":{"min":"Minsta köpbelopp {{value}}"},"expirationDate":"giltig t.o.m: {{date}}"}}},{"namespace":"orderCloseTimePassedModal","values":{"modal":{"buttons":{"ok":"Ok"},"text":{"line2":"Din senast lagda order kommer att gälla.","line1":"Sista tid för att ändra order har passerat."},"title":"Orderändring avbryts"}}},{"namespace":"login","values":{"form":{"invalid":{"personal":{"number":"Fel format. Vänligen ange ditt personnummer enligt: ååååmmddxxxx"}}},"login":{"or":" eller ","submit":"Logga in","heading":"Logga in","inputs":{"password":{"placeholder":"Lösenord"},"company":{"tooltip":"Ditt kundnummer består av sex siffror.","placeholder":"Kundnummer"},"ssn":{"tooltip":"Ange personnummer (ååååmmddxxxx) eller Willys Plus-nummer på 16 siffror.","placeholder":"Personnummer / Willys-Plus-nummer"}},"tabs":{"private":"Privat","company":"Företag"},"error":{"b2c":"Ange personnummer (ååååmmddxxxx) eller Willys Plus-nummer på 16 siffror.","b2b":"Fel format. Vänligen ange ditt kundnummer i formen xxxxxx"},"loginErrorMessage":"Fel användarnamn eller lösenord. Vänligen försök igen.","b2c":{"ssn":{"loginErrorMessage":{"badcredentials":"Fel användarnamn eller lösenord. Vänligen försök igen."}}},"b2b":{"loginErrorMessage":{"bruteforcewarning":"För många försök. Vänligen vänta innan du försöker igen.","badcredentials":"Fel användarnamn eller lösenord. Vänligen försök igen."}},"links":{"resetPassword":"Återställ lösenord","continueAsGuest":"Fortsätt handla som gäst","createAccount":"Skapa konto"},"B2BLoginConfirmDesc":"Vänligen bekräfta ditt lösenord för att fortsätta","rememberMe":"Håll mig inloggad","fromMessage":{"MY_LISTS":"Logga in för att spara produkten i en inköpslista.","MY_ACCOUNT":"För att se dina kontouppgifter behöver du logga in.","CREATE_ACCOUNT":"Du har redan ett konto hos oss.","ACCOUNT_ORDERS":"För att se dina köp behöver du logga in.","MY_COMMON_ITEMS":"Logga in för att se dina vanligaste inköp","CART":"För att spara varukorgen som en inköpslista behöver du logga in."}}}},{"namespace":"error","values":{"404":{"head":"Sidan kunde inte hittas | Willys","errorTextLink":"startsidan","title":"Oj då! Vi kan tyvärr inte hitta sidan.","errorTextEnd":"istället.","errorTextStart":"Du kanske skrev fel adress eller så har vi tagit bort sidan. Prova att gå till"},"410":{"head":"Sidan finns inte längre | Willys","errorTextLink":"Mina köp","title":"Sidan du söker finns inte längre.","errorTextEnd":"eller i plockmailet som skickats till din e-post.","errorTextStart":"Du kan hitta all information om din order under"},"500":{"head":"Ett fel uppstod | Willys","errorTextLink":"Ladda om","title":"Oj då! Vi verkar ha ett tekniskt problem.","errorTextEnd":"sidan eller kom tillbaka senare"},"app":{"default":{"head":"Ett fel uppstod | Willys","title":"Oj då! Vi kan tyvärr inte visa sidan.","errorTextStart":"Ett oförutsett fel inträffade vid hämtning av sidan. Prova gärna att starta om appen eller att logga in på nytt."}},"default":{"404":{"head":"Sidan kunde inte hittas | Willys","errorTextLink":"startsidan","errorTextEnd":"istället.","title":"Oj då! Vi kan tyvärr inte hitta sidan.","errorTextStart":"Du kanske skrev fel adress eller så har vi tagit bort sidan. Prova att gå till"},"410":{"head":"Sidan finns inte längre | Willys","errorTextLink":"Mina köp","title":"Sidan du söker finns inte längre.","errorTextEnd":"eller i plockmailet som skickats till din e-post.","errorTextStart":"Du kan hitta all information om din order under"},"500":{"head":"Ett fel uppstod | Willys","errorTextLink":"Ladda om","errorTextEnd":"sidan eller kom tillbaka senare","title":"Oj då! Vi verkar ha ett tekniskt problem."},"head":"Ett fel uppstod | Willys","default":{"head":"Ett fel uppstod | Willys","errorTextLink":"Ladda om","errorTextEnd":"sidan eller kom tillbaka senare","title":"Oj då! Vi verkar ha ett tekniskt problem."},"errorTextLink":"Ladda om","title":"Oj då! Vi verkar ha ett tekniskt problem.","errorTextEnd":"sidan eller kom tillbaka senare"},"/mina-kop":{"401":{"head":"Vi kan tyvärr inte visa sidan | Willys","errorTextLink":"startsidan","title":"Oj då! Vi kan tyvärr inte visa sidan.","errorTextEnd":"istället.","errorTextStart":"Ordern kan inte visas då den inte är beställd från det här kontot. Gå till "},"404":{"head":"Vi kan tyvärr inte visa sidan | Willys","errorTextLink":"startsidan","title":"Oj då! Vi kan tyvärr inte visa sidan.","errorTextEnd":"istället.","errorTextStart":"Ordern kan inte visas då den inte är beställd från det här kontot. Gå till "},"default":{"head":"Ett fel uppstod | Willys","errorTextLink":"Ladda om","title":"Oj då! Vi verkar ha ett tekniskt problem.","errorTextEnd":"sidan eller kom tillbaka senare"}}}},{"namespace":"storeflyer","values":{"button":"Öppna PDF","heading":"Se butikens reklamblad"}},{"namespace":"promotionPage","values":{"deliveryAlert":{"button":"Välj leveranssätt","body":"Vi behöver veta din butik för att visa dig rätt sortiment. Just nu visas exempellager och lagret kan variera mellan butiker."},"preview":{"showProductsWithoutImages":"Visa endast produkter utan bild","noMatchesDateRange":"Det finns inga erbjudanden att visa för detta tidsintervall.","title":"Förhandsgranska erbjudanden","noMatchesDateRangeAndFilter":"Det finns inga erbjudanden att visa för detta filter och tidsintervall."},"promotions":"Erbjudanden","showAll":"Visa alla","storeNotOpenYet":"Butiken du har valt har inte öppnat ännu. Erbjudanden kommer att publiceras på butikens öppningsdag.","personalCampaigns":"Mina erbjudanden","tooltipPersonalTitle":"Om dessa erbjudanden","ecommerce":"e-handel","store":"butik","title":{"offline":"Erbjudanden i butik","online":"Erbjudanden E-handel"},"tooltipPersonalText":"Personliga erbjudanden innebär att priset på en vara har personanpassats på teknisk väg (automatiserat beslutsfattande) baserat på information vi har om dig som kund. \u003c0\u003eLäs mer.\u003c/0\u003e"}},{"namespace":"addToList","values":{"addToList":{"button":{"saved":"Gå till listan","title":"Spara till lista","unsaved":"Spara"},"new":{"label":"Ny lista"},"input":{"placeholder":"Ny lista"},"heading":{"new":"Skapa ny lista","saved":"Sparad till lista!","unsaved":"Spara till lista"},"error":{"onCreate":"Kan inte spara ny lista!","onSave":"Kan inte spara till listan","onGetLists":"Något gick fel"}}}},{"namespace":"search","values":{"search":{"field":{"mobile":{"placeholder":"Sök..."},"placeholder":"Sök i e-handeln"},"multi":{"result":{"count":"{{count}} varor"},"search":"Sök","tooltip":{"messages":{"maxFieldLimit":"Du har nått max antal varor för ett multisök."}},"title":"Multisök"}},"asYouType":{"suggestionsHeading":"Produktkategorier","singleResultText":"Visar {{count}} av {{total}} vara","noResultsText":"Din sökning gav tyvärr ingen träff. Kontrollera stavning eller använd ett mindre specifikt sökord.","searchTermHeading":"Du sökte på \"{{searchTerm}}\"","showAllLinkText":"Se alla","multipleResultsText":"Visar {{count}} av {{total}} varor","gotoAllProductsLinkText":"Gå till alla varor"}}},{"namespace":"common","values":{"button":{"cancel":"Avbryt","submitting":"Skickar","tryAgain":"Försök igen","ok":"OK"},"input":{"invalidMaxLength":"Får vara max {{maxLength}} tecken.","invalidRequired":"Obligatoriskt fält","invalidPattern":"Ogiltigt format","invalidMinLength":"Måste vara minst {{minLength}} tecken.","invalidEmail":"Ogiltig e-postadress"},"navigation":{"myOrders":"Mina köp","createAccount":"Skapa konto","myLists":"Mina listor","logIn":"Logga in","myAccount":"Mitt konto","logOut":"Logga ut","myPages":"Mina sidor"},"usps":{"news":"nyhet!"},"interaction":{"hidePassword":"Dölj lösenord","clearInput":"Rensa fält","showPassword":"Visa lösenord"},"currency":{"kr":"kr"},"units":{"pieces":"st","percentage":"%","kilogram":"kg"},"store":{"openMessage":{"notOpen":"Ny butik - öppnar inom kort","open":"Öppet idag: ","soon":"Ny butik - öppnar "}},"carousel":{"prevSlide":"Föregående","nextSlide":"Nästa"}}},{"namespace":"contactUsForm","values":{"input":{"reason":{"placeholder":"Välj ärende","label":"Ärende"},"uploadFile":{"select":"Välj fil","description":".jpg .png (Max 5 MB)","sizeError":"Du kan bifoga max 5 MB","attach":"Bifoga fil"},"orderNumber":{"label":"Ordernummer","placeholder":"Ange ordernummer","error":"Fel format. Ange endast siffror."},"submit":{"label":"Skicka"},"name":{"placeholder":"Ange namn","label":"Namn"},"mcn":{"placeholder":"Ange Willys Plus-nummer","label":"Willys Plus-nummer"},"store":{"label":"Butik","placeholder":"Välj butik"},"email":{"placeholder":"Ange e-postadress","label":"E-postadress"},"sapId":{"placeholder":"Ange kundnummer","label":"Kundnummer"},"ssn":{"placeholder":"ååååmmddxxxx/97xxxxxxxxxxxxxx","label":"PERSONNUMMER / WILLYS PLUS-NUMMER","error":"Fel format. Ange endast siffror."},"textArea":{"placeholder":"Din fråga eller synpunkt","label":"Meddelande"}},"text":"För att kontakta oss via e-post, vänligen fyll i formuläret nedan så besvarar vi din fråga så snabbt vi kan.\n            Ange gärna ditt Willys Plus-nummer eller ditt personnummer för snabbare hantering av ditt ärende.","title":"Kontakta oss via e-post","removeAccount":{"userMessage":"Jag vill ta bort mitt konto och Willys Plus-medlemskap.","confirmModalText":"Din begäran kommer behandlas inom en vecka och du kommer loggas ut ur appen.","confirmModalTitle":"Vill du ta bort ditt konto och Willys Plus-medlemskap?","text":"Vi kommer ta bort ditt konto inom en vecka. Efter det kommer du inte längre kunna logga in på willys.se eller i Willys-appen. Observera att ditt medlemskap och relaterade förmåner också raderas.","title":"Ta bort mitt konto och Willys Plus-medlemskap"},"send":{"success":"Tack för ditt meddelande! Vi behandlar nu ditt ärende och återkommer med ett svar så snabbt vi kan.","error":"Ärendet kunde inte skickas. Försök igen om en stund."}}},{"namespace":"legacyBrowsers","values":{"legacyBrowser":{"cta":"Ja, ta mig dit","title":"Willys.se stödjer inte din webbläsare","message":"Vänligen välj en annan webbläsare. Vill du se förslag på nya webbläsare?"}}},{"namespace":"checkoutPage","values":{"button":{"backToCart":"Tillbaka till varukorgen"}}},{"namespace":"searchresultpage","values":{"emptyQuery":"Hoppsan! Sökfältet var tomt.","nohits":"Din sökning gav tyvärr ingen träff.","relatedResults":"Relaterade varor","emptyQueryLine2":"Försök igen genom att ange ett sökord i sökfältet.","suggestion":"Letar du efter \u003c0\u003e{{query}}\u003c/0\u003e?","checkYourSpelling":"Kontrollera stavning eller använd ett mindre specifikt sökord.","totalResults":"{{totalResult}} varor","searchTerm":"Sökord: {{searchTerm}}","didyoumean":"Menade du \u003c0\u003e{{suggestion}}\u003c/0\u003e?","searchPageDescription":"Sökningen efter {{searchTerm}} gav {{totalResult}} träffar.","relatedResultsHeading":"Relaterade varor","searchPageTitle":"Sökresultat för {{searchTerm}} | Willys"}},{"namespace":"newsComponent","values":{"headingDate":"Datum","showMore":"Ladda fler","links":{"newsAndPress":"Tillbaka till Nyheter \u0026 Press"},"detail":{"image":"Visa bild (jpg)","pdf":"Visa pressmeddelande (pdf)"},"headingSubject":"Ämne"}},{"namespace":"cartpage","values":{"button":{"total":"Totalt: {{value}}","goToCheckout":"Gå till kassan"},"loginUsp":{"saveMore":"Spara mer med Willys\u003c0\u003ePlus\u003c/0\u003e","amount":"spara ytterligare {{amount}}","login":"Logga in","body":"En eller flera av dina varor har Willys Plus-pris. Logga in eller skapa konto för att","register":"Skapa konto"},"title":{"oneProduct":"Varukorg (1 vara)","mobile":"Varukorg ({{amountOfItems}})","multipleProducts":"Varukorg ({{amountOfItems}} varor)"},"loading":{"title":"Hämtar din varukorg","body":"Snart kommer du se alla varor som lagts i varukorgen."},"empty":{"basketEmpty":"Din varukorg är tom!","useSearchFunction":"Använd sökfunktionen eller menyn till vänster för att hitta och lägga till varor."}}},{"namespace":"openOrderNotice","values":{"link":"Avbryt ändring","text":"Din order ändras. Avsluta köpet senast {{day}} kl {{time}} för att ändringarna ska gälla.","modal":{"confirm":"Ja","cancel":"Nej","title":"Vill du avbryta ändringen av din order?"}}},{"namespace":"product","values":{"product":{"medical":{"label":"Läkemedel"},"dietTypeInformation":"Diettyp","age_18":{"label":"18-årsgräns"},"danger":"Fara","minStorageTemprature":"Minimum förvaringstemperatur","batteryInformation":"Batteriinformation","animalWeight":"Vikt","precautionaryStatement":"Skyddsangivelse","noImage":"Bild saknas","price":{"default":"Ordinarie pris","compare":"Jmf-pris","deposit":"+Pant","compare-missing":"Jmf-pris saknas"},"contact":"Kontaktuppgifter till livsmedelsföretaget","warning":"Varning","areBatteriesIncluded":"Ingår batterier:","medicineType":"Typ av läkemedel","activeSubstance":"Aktiv substans","batteryTrue":"Ja","originCountries":"Ursprungsländer","mixmatch":{"label":"Välj \u0026 Blanda"},"promotionCode":"Promotion code","feedingInstructions":"Doseringsansvisning","batteryQuantityBuiltIn":"inbyggt","otherCountries":"Möjliga länder vid ersättning","nutrition":{"description":"per {{portion}}","title":"Näringsvärden"},"drugIllumination":"Läkemdelsupplysningen","regulatoryAct":"Identifieringsmärkning","contents":"Innehåll","restriction":{"age_title":"Här finns varor med åldersgräns","age":"18-års åldersgräns"},"not_applicable":"Ej tillämpningsbar","consumerUsageInstructions":"Användarinstruktioner","preparationDescription":"Tillagningsbeskrivning","maxStorageTemprature":"Maximum förvaringstemperatur","extraInfoCode":"Kan variera i färg, form eller mönster.","batteryFalse":"Nej","animalAge":"Ålder","countryOfOriginStatement":"Ursprung","tabs":{"other":"Övrigt","product_information":"Produktinformation","table_of_contents":"Innehållsförteckning"},"areBatteriesRequired":"Krävs batterier:","articleNumber":"Artikelnummer","provinceStatement":"Primär ingrediens","compulsoryAdditiveLabelInformation":"Övrig obligatorisk märkningsinformation","not_found":{"cta":"Ok","heading":"Hoppsan!","body":"Produkten du söker är inte längre tillgänglig."},"disclaimer":"Vi reserverar oss för att mindre förändringar av produktens närings- eller innehållsförteckning kan ha skett","news":{"label":"Nyhet!"},"medicineLeafletEnd":"innan du börjar använda detta läkemedel","gtin":"gtin","energyDeclaration":{"heading":"Energideklaration","linkText":"Produktblad"},"consumerStorageInstructions":"Förvaring","label":{"environmental_choice":"Miljömärkt","eu_flower":"EU-blomman","energy_label":"Produktblad","environmental_facet":"Bra Miljöval","swedish_meat":"Svenskt kött","ocs_100":"OCS 100","gots":"Global Organic Textile Standard","milk_from_sweden":"Mjölk från Sverige","nicotine_medical":"Läkemedel","ecological":"Ekologiskt","age_restricted_15":"Åldersgräns 15 år","fairtrade":"Fairtrade","glutenfree":"Glutenfri","laktosfree":"Laktosfri","age_restricted_18":"Åldersgräns 18 år","swan":"Svanen-märkt","meat_from_sweden":"Kött från Sverige","swedish_bird":"Svensk fågel","rainforest_alliance":"Rainforest Alliance","from_sweden":"Från Sverige","frozen":"Djupfryst","medicine-label":"Läkemedel","freeTextSuggestion":"FRITEXT","swedish_flag":"Svensk flagga","krav":"KRAV-märkt","fairtrade_cacao":"Fairtrade kakao","allergy_approved":"Allergi-godkänd","keyhole":"Nyckelhålsmärkt","medicine-nicotine-label":"Nikotinläkemedel får inte säljas vid misstanke om langning till någon som inte fyllt 18 år.","eu_ecological":"EU-ekologiskt","fairtrade_facet":"Fairtrade","crossed_ax":"Glutenfri","msc_fish":"MSC-märkt","asc_fish":"ASC-märkt","soil_association_organic":"Soil Association Organic"},"otherCountriesInfo":"I varukorgen kan du tacka nej till ersättningsvaror om du inte vill tillåta ersättning från dessa länder.","animalData":{"constituentStatement":"Analytiska beståndsdelar","compositionStatement":"Fodersammansättning","additiveStatement":"Fodertillsatser"},"medicineLeafletStart":"Läs","breadcrumb":{"home":"Hem"},"drugInformation":"Läkemedelsverket","originCountry":"Ursprungsland","countryOfOrigin":"Tillverkningsland","medicineLeafletLink":"bipacksedeln","promotion":{"timesUsed":"Du har nyttjat {{timesUsed}} av {{redeemLimit}}","validUntil":"Gäller t.o.m","used":"NYTTJAT \nERBJUDANDE","limitHousehold":"{{redeemLimitLabel}} per hushåll","saveKr":"Spara {{amount}} kr"}}}},{"namespace":"cartpreview","values":{"cart":{"or":"eller","basketEmpty":"Din varukorg är tom!","totalPrice":"Totalt","heading":"Varor ({{count}})","youCanSave":"Du kan spara ytterligare","clear":"Töm varukorg","createAccount":" skapa konto ","logIn":"Logga in ","toSave":"för att spara mer.","youSave":"Du sparar","empty":{"anonymousText":"\u003c0\u003eLogga in\u003c/0\u003e in så kan du lägga till varor från dina vanligaste varor, inköpslistor eller från dina tidigare köp.","loggedInText":"Tips! Du kan lägga till varor från dina \u003c0\u003evanligaste varor\u003c/0\u003e, \u003c1\u003einköpslistor\u003c/1\u003e eller från dina \u003c2\u003etidigare köp.\u003c/2\u003e","title":"Dags att börja handla!","loggedInTextB2B":"Tips! Du kan lägga till varor från dina \u003c0\u003einköpslistor\u003c/0\u003e eller från dina \u003c1\u003etidigare köp.\u003c/1\u003e"},"nicotineLabel":"Får ej säljas vid misstanke om langning.","goToCheckout":"Gå till kassan","saveToList":"Spara som lista","useSearchFunction":"Använd sökfunktionen eller menyn till vänster för att hitta och lägga till varor."}}},{"namespace":"timeSlots","values":{"noAvailableTimes":"Inga tillgängliga tider","completeOrderBefore":"Lagd order kan ändras tom {{time}}"}},{"namespace":"editablerow","values":{"buttons":{"cancel":"Avbryt","save":"Spara","update":"Ändra"}}},{"namespace":"vouchers","values":{"voucher":{"minAmount":"Min. köp {{minPurchaseAmount}}","preamble":"Rabattkod","submit":"Lägg till","heading":"Ny värdecheck!","description":"Rabattkod {{discountValue}}{{discountType}}","title":"Rabattkod","ordertotal":{"tolow":"Din varukorgs totala värde är för lågt, lägg till fler varor"},"content":"Du har fått en ny värdecheck.","remove":"Ta bort","freedelivery":{"alreadyapplied":"Denna rabattkod går inte att applicera då det redan är fri frakt"},"button":"Se värdechecken","alreadyreserved":"Rabattkoden \"{{voucherCode}}\" är redan använd.","subtotal":{"toolow":"Din varukorgs totala värde är för lågt, lägg till fler varor"},"only":{"one":"Rabattkoden \"{{voucherCode}}\" kan inte kombineras med andra rabattkoder."},"invalid":"Koden är ogiltig. Se till att du är inloggad samt uppfyller rabattkodens köpkrav (exkl. avgifter) och giltighetsperiod.","header":"Värdecheckar","placeholder":"Ange din rabattkod","alreadyapplied":{"tocart":"Rabattkoden \"{{voucherCode}}\" är redan använd."},"expirationDate":"Giltig t.o.m {{expirationDate}}"}}},{"namespace":"checkoutpage","values":{"completeOrderBeforeExpress":"Lagd order kan ändras tom {{time}}.","slotExpireTime":"Din valda tid släpps om du är inaktiv i 30 min.","label":{"name":"Namn","cellphone":"Mobilnummer","email":"E-post"},"title":{"delivery":"Leverans","contactInfo":"Kontaktuppgifter","deliveryMethod":{"pickUpInStore":"Du har valt hämta","homeDeliveryB2B":"Du har valt leverans","homeDelivery":"Du har valt hemleverans"},"deliveryAddress":"Leveransadress","deliveryInformation":"Använd sökfunktionen för att välja var du vill hämta dina varor.","selectDeliveryMethod":"Välj leveranssätt: ","timeSlot":"Leveranstid","payment":"Betalning","co":"C/O","selectedTimeSlot":"Din valda tid: ","status":"Status: "},"error":{"invoiceBlocked":{"text":"Du har tyvärr inte möjlighet att handla på kredit just nu.","title":"Fakturaköp ej möjligt"},"default":{"text":"Betalningen kunde inte genomföras. Vänligen försök igen om en liten stund.","title":"Något gick fel"},"orderLimit":{"text":"Du har överskridit företagets högsta tillåtna ordervärde som är {{orderLimit}} kr. Du kan välja att ta bort några varor och därefter genomföra beställningen.","title":"För högt ordervärde"},"wrongStore":{"text":"Du har valt en Hämta-butik som du inte brukar handla i. Vänligen kontrollera butiksvalet.","title":"Blev det rätt butik?"},"modal":{"supportLinkText":"Kontakta kundtjänst.","supportText":"Har du frågor?"},"noDeliverySlot":{"text":"Din leveranstid är inte längre sparad, vänligen välj en ny.","title":"Välj leveranstid"}},"termsAndConditions":{"firstLink":"e-handelsvillkor.","firstText":"Genom att fortsätta accepterar du Willys","secondText":"Läs mer om hur vi hanterar dina personuppgifter i","secondLink":"Willys integritetspolicy."},"button":{"cancel":"Avbryt","confirm":"Ok","pickUpInStore":"Hämta","edit":"Ändra","continue":"Fortsätt","pay":"Betala","homeDelivery":"Hemleverans","confirmChoice":"Bekräfta val","backToCart":"Tillbaka till varukorgen"},"input":{"doorCodePlaceholder":"Glöm inte ange ev. portkod! Max 10 tecken tillåtna","lastName":"Efternamn","doorCode":"Portkod","address":"Adress","companyName":"Företagsnamn","invalidCellphone":"Ogiltigt mobiltelefonnummer (måste ha formatet 07XXXXXXXX)","co":"C/O","required":"Obligatoriskt fält","firstName":"Förnamn","messageToDriverInfo":"Till exempel vägbeskrivning eller andra instruktioner. Tyvärr är det inte möjligt att önska exakt klockslag för leveransen.","saveToMyPages":"Spara dessa uppgifter på Mitt konto","cellphone":"Mobilnummer","doorCodeInvalidLength":"Ange max 10 tecken.","doorCodeInvalidCharacter":"Ogiltigt tecken, tillåtna specialtecken är *#.","messageToDriverPlaceholder":"Skriv ett meddelande till chauffören här","messageToDriverLabel":"Meddelande till chauffören","email":"E-post","invalidEmail":"Ogiltig e-postadress"},"serverSideErrors":{"checkout":{"userOrderRef":{"error":"Ogiltigt personnummer."}}},"deliveryInformation":"Använd sökfunktionen för att välja var du vill hämta dina varor.","payment":{"mode":{"payex":"Payex"}},"completeOrderBefore":"Lagd order kan ändras tom {{time}}.","text":{"handledBySwedbankPay":"Betalningen hanteras av Swedbank Pay","handledByPayex":"Betalningen hanteras av "},"defaultAddress":{"postalAndTown":"43495 Kungsbacka","name":"Willys Kungsbacka Hede","line1":"Tölöleden 5"}}},{"namespace":"menubutton","values":{"menubutton":{"menu":"Meny","close":"Stäng"}}},{"namespace":"orderdeliverystatus","values":{"orderDeliveryStatus":{"imageOfDelivery":"Bild på leveransen","orderNumber":"Ordernummer","stopsBeforeYou":"Det är {{stops}} stopp före dig","title":{"delivering":"Din order är på väg","multipleroutecancelled":"Leverans inställd","notdelivered":"Dina varor kunde inte levereras","delivered":"Order levererad!","picking":"Din order håller på att plockas","routecancelled":"Leverans inställd","routedelayed":"Eventuellt försenad","deliveredatdoor":"Order levererad!","deliveredatdooragerestriction":"Order levererad!","picked":"Din order är färdigplockad","cancelled":"Din order är avbeställd","partdelivered":"Order levererad!","open":"Här kommer du att kunna följa din order","changed":"Din order är mottagen"},"viewOrderDetails":"Se orderdetalj","integrationError":{"planned":"På grund av tekniskt underhåll kan din orderstatus tyvärr inte uppdateras just nu. Underhållet förväntas vara klart kl {{endTime}}.","unplanned":"På grund av tekniskt underhåll kan din orderstatus tyvärr inte uppdateras just nu."},"nextStop":"Du är nästa stopp","statusHistoryTitle":{"delivering":"Order på väg","deliveredatdoor":"Order levererad","deliveredatdooragerestriction":"Order levererad","notdelivered":"Dina varor kunde inte levereras","picked":"Order färdigplockad","cancelled":"Order avbeställd","delivered":"Order levererad","picking":"Order plockas","open":"Order mottagen","partdelivered":"Order levererad"},"customerService":"Tack för att du handlar på willys.se. Har du några frågor om din leverans, kontakta kundservice på ","subtitle":{"deliveredatdoor":"Dina varor har levererats vid din dörr.","mapDelayed":"Bilens position visas inom kort!","multipleroutecancelled":"Bekräftelse och kompensationskod skickas i mejl.","deliveredatdooragerestriction":"Dina varor har levererats vid din dörr.","notdelivered":"Vi kommer att kontakta dig så fort som möjligt.","mapToBeShown":"Du kan följa bilen på en karta 30 minuter innan leverans.","partdelivered":"Dina åldersvaror kunde inte levereras och kommer krediteras.","routecancelled":"Vänligen ring kundtjänst för mer information.","routedelayed":"Leveranstiden kommer uppdateras efterhand."},"yourProductDelivery":"Preliminär leveranstid","carVisible":"Bilen visas när du är nästa stopp","statusHistorySubtitle":{"deliveredatdooragerestriction":{"agerestriction":"Eventuella åldersvaror har tagits tillbaka och kommer krediteras."},"picked":{"agerestriction":"Du har varor med åldersgräns så någon över {{minimumAge}} år måste ta emot ordern.","deviationandagerestriction":"Ordern innehåller avvikelser \u0026 varor med åldersgräns, någon över {{minimumAge}} år måste ta emot ordern.","deviation":"Kontrollera din plockbekräftelse på e-post då ordern har avvikelser."},"partdelivered":{"agerestriction":"Eventuella åldersvaror har tagits tillbaka och kommer krediteras."}},"followDeliveryInMap":"Följ din leverans i kartan"}}},{"namespace":"categorypage","values":{"totalResults":"{{totalResult}} varor","meta":{"descriptionWithParent":"Handla {{parentCategory}}: {{assortment}} billigt online. Vi har {{totalResult}} produkter i vårt sortiment. Vår affärsidé: Sveriges billigaste matkasse.","description":"Handla {{assortment}} billigt online. Vi har {{totalResult}} produkter i vårt sortiment. Vår affärsidé: Sveriges billigaste matkasse.","title":"{{name}} | Willys","titleWithParent":"{{name}} | {{parent}} | Willys"},"noProductsToShow":"Det finns inga produkter att visa för kategorin"}},{"namespace":"conflictListItem","values":{"replacementVolumeVaries":"Ersättningsmängd kan variera","amountOutOfStock":"{{amount}}{{unit}}","partiallyRemoveItems":"{{availableQuantity}} {{unit}} av {{pickQuantity}} kommer att tas bort","depositPrice":"+pant","partiallyOutOfStock":"{{amountToReplace}} {{unit}} av {{totalAmount}} {{unit}}"}},{"namespace":"timeSlotDetails","values":{"completeOrderBeforeExpress":"Lagd order kan ändras tom {{time}}","pickingFee":"Plockavgift","expressFeeShort":"Express","slotExpireTime":"Din tid släpps om du inte ändrar i din order inom 30 min.","expressFee":"Expressavgift","deliveryFeeShort":"Leverans","externalFeeShort":"Hämta","total":"Totalt","deliveryFee":"Leveransavgift","currency":"kr","completeOrderBefore":"Lagd order kan ändras tom {{time}}","externalFee":"Hämtavgift"}},{"namespace":"account","values":{"preamble":"Här kan du se och redigera dina kunduppgifter.","digitalReceipt":{"preamble":"Digitala kvitton nås under \u003c0\u003eMina köp\u003c/0\u003e på willys.se eller i Willys-appen. Du får inte längre fysiska kvitton i butik.","no":"Nej","yes":"Ja","title":"Digitala kvitton","error":"Just nu går det inte att spara ditt val. Försök igen om en stund.","readMore":"Läs mer om digitala kvitton","receiveDigitalReceipt":"Ja tack, jag vill få digitala kvitton."},"company":{"preamble":"Behöver du ändra dessa uppgifter? \u003c0\u003eKontakta kundtjänst\u003c/0\u003e för att få hjälp.","contactInformation":{"phone":"Telefonnummer","customerId":"Kundnummer","name":"Namn (Kontaktperson)","title":"Kontaktperson","email":"E-post"},"accountInformation":{"preamble":"Behöver du ändra dessa uppgifter? \u003c0\u003eKontakta kundtjänst\u003c/0\u003e för att få hjälp.","altCompanyName":"Alternativt Firmanamn","companyName":"Firmanamn","shippingAddress":"Leveransadress","title":"Kontouppgifter","orgNumber":"Organisationsnummer"},"cards":{"preamble":"Dessa kort är sparade för köp på willys.se. Om du vill spara ett nytt kort kan du göra det i samband med att du genomför betalning av en e-handelsorder.","title":"Sparade kort"},"altCompanyName":"Alternativt Firmanamn","companyName":"Firmanamn","shippingAddress":"Leveransadress","paymentInformation":{"invoiceRef":"Referens på faktura","paymentOption":"Valda betalsätt","title":"Betalsätt","noCreditPayment":"Kortbetalning","invoiceTitle":"Faktura","invoiceOption":"Fakturaalternativ","creditPayment":"Faktura, kortbetalning","paymentTooltip":"Vi erbjuder kort- och fakturabetalning för företagskunder. Om du endast ansökt om kortbetalning kan du ansöka om faktura via kundtjänst."},"title":"Kontouppgifter","orgNumber":"Organisationsnummer"},"title":"Mina uppgifter","removeAccount":{"button":"Avsluta konto","description":"Avsluta mitt konto och medlemskap hos Willys."},"customer":{"emailNotifications":{"unchecked":"Nej","checked":"Ja","label":"Ja tack, jag vill få erbjudanden via e-post","title":"Erbjudanden via e-post","error":"Det går inte att uppdatera e-post preferens just nu, vänligen försök igen om en liten stund."},"password":{"new":"Nytt lösenord","current":"Nuvarande lösenord","placeholderCurrent":"Ange ditt lösenord","repeat":"Upprepa nytt lösenord","invalid":"Ogiltigt lösenord","error":"Det går inte att uppdatera lösenord just nu, vänligen försök igen om en liten stund.","title":"Lösenord","passwordFormatError":"Ogiltigt lösenord. Lösenordet ska bestå av 6-30 tecken, samt en stor och en liten bokstav. Följande specialtecken kan användas: \\/\u003c\u003e_~@$%^\u0026*+=`|{}:;!.,?\"[]-.","placeholderNew":"Ange 6-30 bokstäver/siffror","passwordMatchError":"Fälten matchar inte"},"cards":{"linkedCardsPreamble":"Du kan koppla ett kort till Willys Plus i kassan, i samband med betalning.","savedCards":"E-handel och Scan \u0026 go","linkedCards":"Willys Plus","savedCardsPreamble":"Dessa kort är sparade för köp på e-handel och Scan \u0026 Go. Du kan spara ett nytt kort i samband med att du genomför en order på e-handel eller ett köp med Scan \u0026 Go","noCards":"Inga kort registrerade","expire":"Utgår","cardMobile":"Kort","type":"Korttyp","title":"Mina sparade kort","remove":{"confirm":"Ja","cancel":"Nej","title":"Vill du ta bort ditt sparade kort?","error":"Det går inte att ta bort kort just nu, vänligen försök igen om en liten stund."},"card":"Kortnummer"},"address":"Adress","phone":{"new":"Nytt mobilnummer","placeholder":"Ange mobilnummer (07xxxxxxxx)","title":"Mobilnummer","error":"Det går inte att uppdatera telefonnummer just nu, vänligen försök igen om en liten stund."},"name":"Namn","household":{"preamble":"Följande personer ingår i ditt Willys Plus-hushåll. Kontakta kundtjänst om du har en medkontohavare som du vill ta bort.","addCoAccountHolder":{"confirm":"Lägg till","cancel":"Avbryt","cta":"Lägg till medkontohavare","ssnPlaceholder":"Ange personnummer (ååååmmddxxxx)","ssnFormat":"Fel format. Vänligen ange ditt personnummer enligt: yyyymmddxxxx.","emailPlaceholder":"Ange e-postadress","phone":"Mobilnummer","phonePlaceholder":"Ange mobilnummer (07xxxxxxxx)","email":"E-post","ssn":"Personnummer"},"coAccountHolder":"Medkontohavare","tooltip":"Kontakta kundtjänst om du vill ta bort en medkontohavare.","mainAccountHolder":"Huvudkontohavare","error":{"confirm":"Ok","tooYoung":"Medkontohavare måste ha fyllt 18 år","hasAccount":"Personen du försöker lägga till är redan Willys Plus-kund. Vänligen kontakta kundtjänst för att slå samman era hushåll.","heading":"Nu gick något snett","generic":"Prova gärna igen om en liten stund eller kontakta kundtjänst."},"title":"Mitt hushåll"},"id":"Willys plusnummer","email":{"new":"Ny e-postadress","subscribe":"Få information och erbjudanden via e-post","repeat":"Upprepa ny e-postadress","mismatch":"Fälten matchar inte","placeholder":"Ange din e-postadress","title":"Epost","error":"Det går inte att uppdatera e-post just nu, vänligen försök igen om en liten stund."},"careOfAddress":"C/O"}}},{"namespace":"slotSelector","values":{"externalNotice":"Nu finns det fristående hämtplatser i Stockholm","earlySlot":"Beställ senast 12:00","isFetchingSlotsMessage":"Hämtar tillgängliga tider","today":"Idag","confirmSlot":"Välj tid","tomorrow":"Imorgon","franchiseNotice":"Vid val av den här butiken kan du ej byta leveranssätt eller butik vid ändring i din order.","showAllPickupLocations":"Visa alla hämtplatser","loading":"Hämtar tillgängliga tider","expressDelivery":"Expressleverans"}}]},"initialState":{"vouchers":{"online":{"used":[],"available":[]},"offline":{"used":[],"available":[]},"new":{}},"conflictingModal":{"open":false,"items":[],"resolved":null,"rejected":null,"reason":""},"cart":{"isocode":"","appliedVouchers":[],"cartStatus":[],"removedVouchers":[],"oldVouchersNotApplied":"","orderReferenceTimeUntilSlotClose":"","timeUntilSlotCloseTime":"","loyaltyProductCount":"","orderReference":"","postalCode":"","recipeCount":"","products":[],"oldOrderPrice":"","priceDiff":"","orderReferenceSlotCode":"","orderReferenceSlotCloseTime":"","slotReservedTo":"","loyaltySaveValue":"","recipes":[],"slot":"","frozen":false,"pickQuantities":"","bufferedPercent":"","freeShippingVoucher":"","slotCloseTimeFormatted":"","slotCloseDateTime":"","slotCloseDay":"","slotStartDateTime":"","slotStartDay":"","frequentShopperPointsAmount":"","swedishBird":false,"swedishMeat":false,"ageRestricted15":false,"ageRestricted18":false,"euEcological":false,"fairtrade":false,"mscFish":false,"ascFish":false,"keyhole":false,"environmentalChoice":false,"allergyApproved":false,"euFlower":false,"glutenfree":false,"laktosfree":false,"ghsSignalWordDanger":false,"ghsSignalWordNotApplicable":false,"ghsSignalWordWarning":false,"ghsSymbolCorrosion":false,"ghsSymbolEnvironment":false,"ghsSymbolExcalmationMark":false,"ghsSymbolExplodingBomb":false,"ghsSymbolFlame":false,"ghsSymbolFlameOverCircle":false,"ghsSymbolGasCylinder":false,"ghsSymbolHealthHazard":false,"ghsSymbolNoPictogram":false,"ghsSymbolSkullAndCrossbones":false,"slotFormattedDate":"","slotPickAndPackCost":"","deliveryModeCode":"","deliveryModeName":"","subTotalPrice":"","subTotalPriceWithDiscountsAndVouchers":"","subTotalPriceWithoutDiscounts":"","totalDiscountValue":0,"totalPromotionDiscount":"","totalPromotionDiscountValue":0,"totalGeneralDiscount":"","totalGeneralDiscountValue":0,"totalLoyaltyDiscount":"","serviceCost":"","ekoReplacement":false,"swedishFlag":false,"swan":false,"ecological":false,"customerComment":"","pickAndPackCost":"","doorCode":"","employeeDiscountTotal":"","klarnaPaymentMethod":null,"pickUpCost":"","subTotalWithDiscounts":"","usersOrderReference":"","totalTax":"","deliveryAddress":"","deliveryCost":"","totalDiscount":"","totalPrice":"","totalItems":0,"totalUnitCount":0,"totalDepositSum":"","bufferedAmount":"","reservedAmount":"","taxes":"","paymentType":"","slotCloseTime":"","deliveryOrPickUpOriginalFee":"","subtotalWithDiscountsAndPercentageVouchers":"","b2bCustomer":false,"orderDate":"","anonymousOrder":false,"anonymousOrderDetailLink":"","notEditableAfterOrder":false,"franchiseStore":false,"storeChangeAllowed":false,"companyName":"","coupons":[],"freeShipping":false,"b2bSlot":"","krav":false,"deliverySlot":false,"slotCode":"","isUpdating":false,"hasNicotineMedical":false},"cartUpdating":{"isUpdating":false,"isFetching":false,"isSubmitting":false,"editReplacement":false,"hasFetchedCart":false},"persistedCart":"","customer":{"data":{"uid":"anonymous","name":"anonymous","defaultBillingAddress":null,"defaultShippingAddress":null,"titleCode":null,"title":null,"firstName":"anonymous","lastName":"","currency":{"isocode":"SEK","name":null,"active":true,"symbol":"kr"},"language":{"isocode":"sv","name":"Swedish","nativeName":"Swedish","active":true,"required":false},"displayUid":null,"customerId":null,"deactivationDate":null,"email":null,"socialSecurityNumer":null,"idInSourceSystem":"0","storeId":"","homeStoreId":"","savedCards":[],"charityFlag":false,"suppressAllSMS":false,"suppressAllEmails":false,"digitalVoucherFlag":false,"noMonthlyCommunication":false,"isPrimary":false,"isDeletedinLDAP":false,"existsInLDAP":false,"linkedCards":null,"linkedAccounts":null,"bonusInfo":null,"sendDigitalReceipt":null,"digitalReceiptAvailable":false,"digitalReceiptReference":null,"isB2BCustomer":false,"sapId":null,"orgNumber":null,"companyName":null,"companyAlternativeName":null,"isAllowedCreditPayment":false,"creditInformation":null,"postalCode":null,"lastUsedLogin":null,"digitalReceiptEmailCommChannel":false,"activeTripExists":false,"latestLoginIsAutoLogin":false,"newCustomer":true,"isLocalB2BCustomer":false,"companyStoreName":"","companyStoreId":"","localCustomerAgreement":null},"isUpdating":false,"hasFetchedCustomer":true},"toolbar":{"search":{"isOpen":false,"isExpanded":false},"stickyToolbar":false},"minicart":{"preview":{"isOpen":false},"tooltip":{"isNicotineMedicalProduct":false,"isTobaccoProduct":false}},"menu":{"isOpen":false},"store":{"externalPickupLocation":false,"deliveryCost":"99 kr","geoPoint":{"latitude":57.5117,"longitude":12.082},"storeChangeAllowed":true,"openingHours":["Mån 07:00-21:00","Tis 07:00-21:00","Ons 07:00-21:00","Tors 07:00-21:00","Fre 07:00-21:00","Lör 08:00-21:00","Sön 08:00-21:00"],"storeId":"2110","willysHemma":false,"clickAndCollect":true,"extraPickUpInformation":"","pickingCostForCollect":"59 kr","b2bPickingCostForDelivery":"69 kr","pickingCostForDelivery":"59 kr","b2bDeliveryCost":"129 kr","customerServicePhone":"0771-71 70 00","openingHoursMessageKey":"store.openMessage.open","onlineStore":true,"pickingCostForCollectPlusPickupCost":"59 kr","b2bPickingCostForCollectPlusPickupCost":"69 kr","pickingCostForDeliveryPlusDeliveryCost":"158 kr","b2bPickingCostForDeliveryPlusDeliveryCost":"198 kr","openingStoreMessageValue":"7-21","b2BClickAndCollect":true,"specialOpeningHours":["2023-05-28 (Pingstdagen) 08:00-21:00","2023-06-01 (1:a juni) 08:00-21:00","2023-06-06 (Nationaldagen) 08:00-21:00"],"freeB2BPickingCostThresholdForCollectFormatted":"0 kr","freeB2BPickingCostThresholdForDeliveryFormatted":"0 kr","franchiseStore":false,"freeDeliveryThresholdFormatted":"0 kr","b2bFreeDeliveryThresholdFormatted":"0 kr","pickupInStoreCost":"0 kr","b2bPickupInStoreCost":"0 kr","customerServiceEmail":"info@willys.se","flyerURL":"https://viewer.ipaper.io/willys/2110","activelySelected":false,"freePickingCostThresholdForCollectFormatted":"0 kr","freePickingCostThresholdForDeliveryFormatted":"0 kr","external":false,"name":"Willys Kungsbacka Hede","open":true,"address":{"id":"8796519038999","title":null,"titleCode":null,"firstName":null,"lastName":null,"companyName":null,"line1":"Tölöleden 3","line2":null,"town":"Kungsbacka","region":null,"district":null,"postalCode":"434 95","phone":"0300-566150","cellphone":null,"email":null,"country":{"isocode":"SE","name":"Sverige"},"shippingAddress":false,"billingAddress":false,"defaultAddress":false,"visibleInAddressBook":true,"formattedAddress":"Tölöleden 3, Kungsbacka, 434 95","longitude":12.082,"latitude":57.5117,"appartment":null,"doorCode":null,"customerComment":null}},"deliveryPicker":{"isOpen":false,"proceedToCheckout":false},"promotionPage":{"promotionStoreId":null},"login":{"isLoggingIn":false},"checkout":{"delivery":{"isCompleted":false,"isEditing":false,"isDisabled":false,"isValid":true},"contactInfo":{"isCompleted":false,"isEditing":false,"isDisabled":false},"timeSlot":{"isCompleted":false,"isEditing":false,"isDisabled":false},"payment":{"isCompleted":false,"isEditing":false,"isDisabled":false,"selectedCard":{"cardType":"","defaultCard":false,"expireDate":"","expired":false,"id":"","maskedNumber":""},"saveCard":true,"selectedMode":"","possiblyWrongStoreConfirmed":0,"klarnaData":{"token":"","option":""}}},"page":{"pageItems":{"homePage":{"userId":"anonymous","storeId":"2110","cmsPage":{"uid":"homePage","uuid":"eyJpdGVtSWQiOiJob21lUGFnZSIsImNhdGFsb2dJZCI6IndpbGx5c0NvbnRlbnRDYXRhbG9nIiwiY2F0YWxvZ1ZlcnNpb24iOiJPbmxpbmUifQ==","title":"Handla billig mat online","description":"Hos oss kan du enkelt och billigt handla mat online. Vi har ett brett sortiment av mat och dryck och självklart ett stort ekologiskt utbud. Vår affärsidé: Sveriges billigaste matkasse!","canonical":"https://www.willys.se","template":"WillysHomepageTemplate","typeCode":"ContentPage","name":"Willys Homepage ","contentSlots":{"contentSlot":[{"key":"Position2LeftCol2Slot-Willys-Homepage","value":{"slotId":"Position2LeftCol2Slot-Willys-Homepage","slotUuid":"eyJpdGVtSWQiOiJQb3NpdGlvbjJMZWZ0Q29sMlNsb3QtV2lsbHlzLUhvbWVwYWdlIiwiY2F0YWxvZ0lkIjoid2lsbHlzQ29udGVudENhdGFsb2ciLCJjYXRhbG9nVmVyc2lvbiI6Ik9ubGluZSJ9","position":"Position2LeftCol2","name":"Position2LeftCol2","slotShared":false,"components":{"component":[]}}},{"key":"cs_00002JTK","value":{"slotId":"cs_00002JTK","slotUuid":"eyJpdGVtSWQiOiJjc18wMDAwMkpUSyIsImNhdGFsb2dJZCI6IndpbGx5c0NvbnRlbnRDYXRhbG9nIiwiY2F0YWxvZ1ZlcnNpb24iOiJPbmxpbmUifQ==","position":"MessageBox","name":"Default MessageBox for Willys Homepage","slotShared":false,"components":{"component":[]}}},{"key":"HeaderLeftSlot","value":{"slotId":"HeaderLeftSlot","slotUuid":"eyJpdGVtSWQiOiJIZWFkZXJMZWZ0U2xvdCIsImNhdGFsb2dJZCI6IndpbGx5c0NvbnRlbnRDYXRhbG9nIiwiY2F0YWxvZ1ZlcnNpb24iOiJPbmxpbmUifQ==","position":"HeaderLeft","name":"HeaderLeftSlot","slotShared":true,"components":{"component":[{"uid":"SiteLogoComponent","uuid":"eyJpdGVtSWQiOiJTaXRlTG9nb0NvbXBvbmVudCIsImNhdGFsb2dJZCI6IndpbGx5c0NvbnRlbnRDYXRhbG9nIiwiY2F0YWxvZ1ZlcnNpb24iOiJPbmxpbmUifQ==","typeCode":"SimpleBannerComponent","modifiedTime":"2022-10-27T15:00:45.898+02:00","name":"Site Logo Component","container":"false","external":"false","synchronizationBlocked":"false","media":{"code":"willys_logo.svg","mime":"image/svg+xml","altText":"Willys","url":"https://d2rfo6yapuixuu.cloudfront.net/he9/h4c/8878098546718/willys_logo.svg"},"urlLink":"/","target":"sameWindow"}]}}},{"key":"Position7Slot","value":{"slotId":"Position7Slot","slotUuid":"eyJpdGVtSWQiOiJQb3NpdGlvbjdTbG90IiwiY2F0YWxvZ0lkIjoid2lsbHlzQ29udGVudENhdGFsb2ciLCJjYXRhbG9nVmVyc2lvbiI6Ik9ubGluZSJ9","position":"Position7","name":"Position7Slot","slotShared":false,"components":{"component":[{"uid":"comp_000021BQ","uuid":"eyJpdGVtSWQiOiJjb21wXzAwMDAyMUJRIiwiY2F0YWxvZ0lkIjoid2lsbHlzQ29udGVudENhdGFsb2ciLCJjYXRhbG9nVmVyc2lvbiI6Ik9ubGluZSJ9","typeCode":"AxfoodResponsiveBannerComponent","modifiedTime":"2017-03-24T13:41:58.221+01:00","name":"Varumärkesbanner","container":"false","background":"#E60019","centerContent":"false","synchronizationBlocked":"false","fontcolor":"White","buttonEnabled":"false","cookieBanner":"false","showInApp":"false","content":"\u003ch2\u003e\u0026nbsp;V\u0026aring;r aff\u0026auml;rsid\u0026eacute;: \u003cbr\u003eSveriges billigaste matkasse.\u0026nbsp;\u003c/h2\u003e","article":"false"}]}}},{"key":"SearchRightSlot","value":{"slotId":"SearchRightSlot","slotUuid":"eyJpdGVtSWQiOiJTZWFyY2hSaWdodFNsb3QiLCJjYXRhbG9nSWQiOiJ3aWxseXNDb250ZW50Q2F0YWxvZyIsImNhdGFsb2dWZXJzaW9uIjoiT25saW5lIn0=","position":"SearchRight","name":"SearchRightSlot","slotShared":true,"components":{"component":[]}}},{"key":"Position2RightCol2Slot-Willys-Homepage","value":{"slotId":"Position2RightCol2Slot-Willys-Homepage","slotUuid":"eyJpdGVtSWQiOiJQb3NpdGlvbjJSaWdodENvbDJTbG90LVdpbGx5cy1Ib21lcGFnZSIsImNhdGFsb2dJZCI6IndpbGx5c0NvbnRlbnRDYXRhbG9nIiwiY2F0YWxvZ1ZlcnNpb24iOiJPbmxpbmUifQ==","position":"Position2RightCol2","name":"Position2RightCol2","slotShared":false,"components":{"component":[]}}},{"key":"NavigationLeftSlot","value":{"slotId":"NavigationLeftSlot","slotUuid":"eyJpdGVtSWQiOiJOYXZpZ2F0aW9uTGVmdFNsb3QiLCJjYXRhbG9nSWQiOiJ3aWxseXNDb250ZW50Q2F0YWxvZyIsImNhdGFsb2dWZXJzaW9uIjoiT25saW5lIn0=","position":"NavigationLeft","name":"NavigationLeftSlot","slotShared":true,"components":{"component":[{"uid":"LeftMenuComponent","uuid":"eyJpdGVtSWQiOiJMZWZ0TWVudUNvbXBvbmVudCIsImNhdGFsb2dJZCI6IndpbGx5c0NvbnRlbnRDYXRhbG9nIiwiY2F0YWxvZ1ZlcnNpb24iOiJPbmxpbmUifQ==","typeCode":"LeftMenuComponent","modifiedTime":"2016-02-20T11:15:52.978+01:00","name":"Left Menu Component","container":"false","linksRootNavigationNode":{"uid":"LeftMenuLinksNode"},"synchronizationBlocked":"false","categoryRootNavigationNode":{"uid":"NavigationRootNode"},"navigationNode":{"uid":"LeftMenuLinksNode","entries":[],"links":[{"external":false,"linkName":[{"key":"sv","value":"Erbjudanden"}],"target":false,"url":"/erbjudanden"},{"external":false,"linkName":[{"key":"sv","value":"Mina vanligaste varor"}],"target":false,"url":"/minavanligastevaror"}],"children":[{"uid":"Willys_Inspiration_","entries":[],"links":[{"external":false,"linkName":[{"key":"sv","value":"Äh, nu tar vi helg"}],"target":false,"url":"/artikel/helgmat"},{"external":false,"linkName":[{"key":"sv","value":"Börja grillfesten här"}],"target":false,"url":"/artikel/grill"},{"external":false,"linkName":[{"key":"sv","value":"Bra till sommaren"}],"target":false,"url":"/artikel/inspiration/braattha"},{"external":false,"linkName":[{"key":"sv","value":"Nyheter"}],"target":false,"url":"/artikel/inspiration/nyheter"},{"external":false,"linkName":[{"key":"sv","value":"Dragomir Mrsics helgkasse"}],"target":false,"url":"/artikel/dragomirshelgkasse"},{"external":false,"linkName":[{"key":"sv","value":"Fler färdiga helgkassar"}],"target":false,"url":"/artikel/helgkassar"}],"children":[],"title":"Inspiration"}]}}]}}},{"key":"Position1Slot-Willys-Homepage","value":{"slotId":"Position1Slot-Willys-Homepage","slotUuid":"eyJpdGVtSWQiOiJQb3NpdGlvbjFTbG90LVdpbGx5cy1Ib21lcGFnZSIsImNhdGFsb2dJZCI6IndpbGx5c0NvbnRlbnRDYXRhbG9nIiwiY2F0YWxvZ1ZlcnNpb24iOiJPbmxpbmUifQ==","position":"Position1","name":"Position1","slotShared":false,"components":{"component":[{"uid":"comp_0000GGMR","uuid":"eyJpdGVtSWQiOiJjb21wXzAwMDBHR01SIiwiY2F0YWxvZ0lkIjoid2lsbHlzQ29udGVudENhdGFsb2ciLCJjYXRhbG9nVmVyc2lvbiI6Ik9ubGluZSJ9","typeCode":"HorizontalBannerComponent","modifiedTime":"2023-05-17T13:42:09.466+02:00","name":"Hero helg mån-sön v22 2023","container":"false","titleTextColor":"white","preamble":"Helgmat till vardagspriser.","buttonColor":"white","preambleTextColor":"white","paddingRight":"PADDING_0","media":{"tablet":{"code":"helg_hero_2023_tablet_v22.jpg","mime":"image/jpeg","altText":"helg_hero_2023_tablet_v22.jpg","url":"https://d2rfo6yapuixuu.cloudfront.net/h2e/h49/14314220453918/helg_hero_2023_tablet_v22.jpg"},"desktop":{"code":"helg_hero_2023_desk_v22.jpg","mime":"image/jpeg","altText":"helg_hero_2023_desk_v22.jpg","url":"https://d2rfo6yapuixuu.cloudfront.net/haa/h42/14314218815518/helg_hero_2023_desk_v22.jpg"},"mobile":{"code":"helg_hero_2023_mobile_v22.jpg","mime":"image/jpeg","altText":"helg_hero_2023_mobile_v22.jpg","url":"https://d2rfo6yapuixuu.cloudfront.net/h72/ha2/14314219536414/helg_hero_2023_mobile_v22.jpg"},"widescreen":{"code":"helg_hero_2023_widescreen_v22.jpg","mime":"image/jpeg","altText":"helg_hero_2023_widescreen_v22.jpg","url":"https://d2rfo6yapuixuu.cloudfront.net/hda/h12/14314221043742/helg_hero_2023_widescreen_v22.jpg"}},"title":"Äh, nu tar vi helg!","paddingBottom":"PADDING_0","buttonEnabled":"true","paddingTop":"PADDING_0","buttonTextColor":"#e60019","titleMobile":"Äh, nu tar vi helg!","urlLink":"/artikel/helgmat","buttonText":"Till varorna","fontType":"MEDIUM","textAlign":"CENTER","titleBanner":"false","hideOverlay":"false","urlLinkInNewWindow":"false","titleTablet":"Äh, nu tar vi helg!","buttonPosition":"CENTER","preambleMobile":"Helgmat till vardagspriser.","preambleTablet":"Helgmat till vardagspriser.","synchronizationBlocked":"false","paddingLeft":"PADDING_0"}]}}},{"key":"Position5Slot","value":{"slotId":"Position5Slot","slotUuid":"eyJpdGVtSWQiOiJQb3NpdGlvbjVTbG90IiwiY2F0YWxvZ0lkIjoid2lsbHlzQ29udGVudENhdGFsb2ciLCJjYXRhbG9nVmVyc2lvbiI6Ik9ubGluZSJ9","position":"Position5","name":"Position5Slot","slotShared":false,"components":{"component":[{"uid":"comp_0000BMZL","uuid":"eyJpdGVtSWQiOiJjb21wXzAwMDBCTVpMIiwiY2F0YWxvZ0lkIjoid2lsbHlzQ29udGVudENhdGFsb2ciLCJjYXRhbG9nVmVyc2lvbiI6Ik9ubGluZSJ9","typeCode":"AxfoodProductBannerComponent","modifiedTime":"2022-06-07T17:10:45.357+02:00","name":"Populära varor 2021","container":"false","numberOfRowsTablet":"2","cartFilter":"true","scroll":"ONE","numberOfRowsMobile":"2","title":"Populära varor","popup":"true","displayType":"POPULAR_PRODUCTS","synchronizationBlocked":"false","useSpssSort":"true","minProducts":"7","numberOfRows":"1"},{"uid":"comp_0000GFU6","uuid":"eyJpdGVtSWQiOiJjb21wXzAwMDBHRlU2IiwiY2F0YWxvZ0lkIjoid2lsbHlzQ29udGVudENhdGFsb2ciLCJjYXRhbG9nVmVyc2lvbiI6Ik9ubGluZSJ9","typeCode":"TwoTilesButtonAndProductBannerComponent","modifiedTime":"2023-05-23T21:30:23.56+02:00","name":"TwoTiles Matmissionen v22 2023","imageClickAction":"URL_LINK","titleTextColor":"white","container":"false","preamble":"I början av sommaren öppnar Helsingborgs första sociala matbutik, Matmissionen, där människor i ekonomisk utsatthet kan handla mat till kraftigt reducerade priser. Willys stöttar butiken på flera olika sätt.","buttonText":"Läs mer här","backgroundColor":"#181818","buttonColor":"white","preambleTextColor":"white","imageAlignment":"LEFT","media":{"tablet":{"code":"matmissionen_v22_2023_tablet.jpg","mime":"image/jpeg","altText":"matmissionen_v22_2023_tablet.jpg","url":"https://d2rfo6yapuixuu.cloudfront.net/h71/hd5/14318025998366/matmissionen_v22_2023_tablet.jpg"},"desktop":{"code":"matmissionen_v22_2023_desktop.jpg","mime":"image/jpeg","altText":"matmissionen_v22_2023_desktop.jpg","url":"https://d2rfo6yapuixuu.cloudfront.net/h30/hd9/14318025867294/matmissionen_v22_2023_desktop.jpg"},"mobile":{"code":"matmissionen_v22_2023_mobile.jpg","mime":"image/jpeg","altText":"matmissionen_v22_2023_mobile.jpg","url":"https://d2rfo6yapuixuu.cloudfront.net/h1f/hd6/14318025932830/matmissionen_v22_2023_mobile.jpg"},"widescreen":{"code":"matmissionen_v22_2023_wide.jpg","mime":"image/jpeg","altText":"matmissionen_v22_2023_wide.jpg","url":"https://d2rfo6yapuixuu.cloudfront.net/hb4/h8a/14318026063902/matmissionen_v22_2023_wide.jpg"}},"showInApp":"false","title":"Stolt partner till ny social matbutik.","synchronizationBlocked":"false","buttonTextColor":"#181818","buttonAction":"URL_LINK","urlLink":"/artikel/om-oss/nyheter-och-press/nyhet/Skane_Stadsmission_oppnar_matmissionen"}]}}},{"key":"SearchBoxSlot","value":{"slotId":"SearchBoxSlot","slotUuid":"eyJpdGVtSWQiOiJTZWFyY2hCb3hTbG90IiwiY2F0YWxvZ0lkIjoid2lsbHlzQ29udGVudENhdGFsb2ciLCJjYXRhbG9nVmVyc2lvbiI6Ik9ubGluZSJ9","position":"SearchBox","name":"SearchBoxSlot","slotShared":true,"components":{"component":[{"uid":"SearchBox","uuid":"eyJpdGVtSWQiOiJTZWFyY2hCb3giLCJjYXRhbG9nSWQiOiJ3aWxseXNDb250ZW50Q2F0YWxvZyIsImNhdGFsb2dWZXJzaW9uIjoiT25saW5lIn0=","typeCode":"SearchBoxComponent","modifiedTime":"2017-06-26T15:27:57.986+02:00","name":"Search Box","container":"false","maxSuggestions":"5","maxProducts":"0","displaySuggestions":"true","synchronizationBlocked":"false","displayProducts":"false","displayProductImages":"false","waitTimeBeforeRequest":"500","minCharactersBeforeRequest":"2"}]}}},{"key":"Position2LeftCol1Slot-Willys-Homepage","value":{"slotId":"Position2LeftCol1Slot-Willys-Homepage","slotUuid":"eyJpdGVtSWQiOiJQb3NpdGlvbjJMZWZ0Q29sMVNsb3QtV2lsbHlzLUhvbWVwYWdlIiwiY2F0YWxvZ0lkIjoid2lsbHlzQ29udGVudENhdGFsb2ciLCJjYXRhbG9nVmVyc2lvbiI6Ik9ubGluZSJ9","position":"Position2LeftCol1","name":"Position2LeftCol1","slotShared":false,"components":{"component":[]}}},{"key":"Position2RightCol1Slot-Willys-Homepage","value":{"slotId":"Position2RightCol1Slot-Willys-Homepage","slotUuid":"eyJpdGVtSWQiOiJQb3NpdGlvbjJSaWdodENvbDFTbG90LVdpbGx5cy1Ib21lcGFnZSIsImNhdGFsb2dJZCI6IndpbGx5c0NvbnRlbnRDYXRhbG9nIiwiY2F0YWxvZ1ZlcnNpb24iOiJPbmxpbmUifQ==","position":"Position2RightCol1","name":"Position2RightCol1","slotShared":false,"components":{"component":[]}}},{"key":"HeaderCenterSlot","value":{"slotId":"HeaderCenterSlot","slotUuid":"eyJpdGVtSWQiOiJIZWFkZXJDZW50ZXJTbG90IiwiY2F0YWxvZ0lkIjoid2lsbHlzQ29udGVudENhdGFsb2ciLCJjYXRhbG9nVmVyc2lvbiI6Ik9ubGluZSJ9","position":"HeaderCenter","name":"HeaderCenterSlot","slotShared":true,"components":{"component":[{"uid":"WillysTopmenuLinksComponent","uuid":"eyJpdGVtSWQiOiJXaWxseXNUb3BtZW51TGlua3NDb21wb25lbnQiLCJjYXRhbG9nSWQiOiJ3aWxseXNDb250ZW50Q2F0YWxvZyIsImNhdGFsb2dWZXJzaW9uIjoiT25saW5lIn0=","typeCode":"AxfoodTopmenuLinksComponent","modifiedTime":"2016-02-20T11:15:51.78+01:00","name":"AxfoodTopmenuLinksComponent","container":"false","synchronizationBlocked":"false","navigationNode":{"uid":"WillysTopMenuLinksNavNode","entries":[],"links":[],"children":[{"uid":"willysCampaignNode","entries":[],"links":[{"external":false,"linkName":[{"key":"sv","value":"Erbjudanden"}],"target":false,"url":"/erbjudanden"}],"children":[],"title":"Erbjudanden"},{"uid":"willysStoreFinderNode","entries":[],"links":[{"external":false,"linkName":[{"key":"sv","value":"Hitta butik"}],"target":false,"url":"/butik-sok"}],"children":[],"title":"Hitta butik"},{"uid":"willysCustomerServiceNode","entries":[],"links":[{"external":false,"linkName":[{"key":"sv"}],"target":false,"url":"/artikel/kundservice"}],"children":[],"title":"Kundservice"},{"uid":"item_00003PHK","entries":[],"links":[{"external":false,"linkName":[{"key":"sv","value":"Willys Plus"}],"target":false,"url":"/artikel/om-oss/willys-plus"}],"children":[],"title":"Willys Plus"}],"title":"Willys Top Menu Navigation Node"}}]}}},{"key":"SearchLeftSlot","value":{"slotId":"SearchLeftSlot","slotUuid":"eyJpdGVtSWQiOiJTZWFyY2hMZWZ0U2xvdCIsImNhdGFsb2dJZCI6IndpbGx5c0NvbnRlbnRDYXRhbG9nIiwiY2F0YWxvZ1ZlcnNpb24iOiJPbmxpbmUifQ==","position":"SearchLeft","name":"SearchLeftSlot","slotShared":true,"components":{"component":[]}}},{"key":"Position6LeftSlot","value":{"slotId":"Position6LeftSlot","slotUuid":"eyJpdGVtSWQiOiJQb3NpdGlvbjZMZWZ0U2xvdCIsImNhdGFsb2dJZCI6IndpbGx5c0NvbnRlbnRDYXRhbG9nIiwiY2F0YWxvZ1ZlcnNpb24iOiJPbmxpbmUifQ==","position":"Position6Left","name":"Position6LeftSlot","slotShared":false,"components":{"component":[]}}},{"key":"Position3Slot","value":{"slotId":"Position3Slot","slotUuid":"eyJpdGVtSWQiOiJQb3NpdGlvbjNTbG90IiwiY2F0YWxvZ0lkIjoid2lsbHlzQ29udGVudENhdGFsb2ciLCJjYXRhbG9nVmVyc2lvbiI6Ik9ubGluZSJ9","position":"Position3","name":"Position3Slot","slotShared":false,"components":{"component":[{"uid":"willysPersonalElementComponent","uuid":"eyJpdGVtSWQiOiJ3aWxseXNQZXJzb25hbEVsZW1lbnRDb21wb25lbnQiLCJjYXRhbG9nSWQiOiJ3aWxseXNDb250ZW50Q2F0YWxvZyIsImNhdGFsb2dWZXJzaW9uIjoiT25saW5lIn0=","typeCode":"PersonalElementPlaceHolder","modifiedTime":"2023-02-15T08:47:58.083+01:00","name":"Willys Personal Element Component","container":"false","synchronizationBlocked":"false"},{"uid":"comp_0000GGMS","uuid":"eyJpdGVtSWQiOiJjb21wXzAwMDBHR01TIiwiY2F0YWxvZ0lkIjoid2lsbHlzQ29udGVudENhdGFsb2ciLCJjYXRhbG9nVmVyc2lvbiI6Ik9ubGluZSJ9","typeCode":"AxfoodProductBannerComponent","modifiedTime":"2023-05-23T21:29:01.711+02:00","name":"Veckans varor mån-sön v22 2023","container":"false","numberOfRowsTablet":"2","cartFilter":"false","scroll":"ONE","numberOfRowsMobile":"2","title":"Veckans varor","popup":"true","displayType":"SELECTED_PRODUCTS","synchronizationBlocked":"false","useSpssSort":"false","minProducts":"7","productCodes":"[\"100172876_KG\",\"101236336_ST\",\"101253220_KG\",\"101353676_ST\",\"100905763_ST\",\"100819633_ST\",\"100942660_ST\",\"101173840_ST\",\"100256107_KG\",\"101203891_ST\",\"101266950_ST\",\"100152914_ST\",\"100152914_KG\",\"100517406_ST\",\"101206890_ST\",\"101306763_ST\",\"101288882_ST\",\"101288882_KG\",\"101235709_ST\",\"101306765_ST\",\"100015109_ST\",\"101283860_KG\",\"100585047_ST\",\"101255404_ST\",\"101235667_ST\",\"101277147_ST\",\"101291352_ST\",\"101353677_ST\",\"100585172_ST\",\"101469945_ST\",\"100015092_ST\",\"101240597_ST\",\"100132296_ST\",\"101278894_ST\",\"101283841_KG\",\"101307277_ST\",\"101240169_ST\",\"101283428_ST\",\"101283868_KG\",\"101187302_ST\",\"101405978_ST\",\"101470014_ST\",\"101235682_ST\",\"101235715_ST\",\"101295569_ST\",\"101275800_ST\",\"101264854_ST\",\"101273570_ST\",\"101397161_ST\",\"101306894_ST\",\"100374462_ST\",\"101307279_ST\",\"101240624_ST\",\"100007136_KG\",\"101268689_ST\",\"100585056_ST\",\"101278621_ST\",\"101208470_KG\",\"101307185_ST\",\"101240617_ST\",\"101307278_ST\",\"100198386_ST\",\"101264939_ST\",\"101336169_ST\",\"101336170_ST\",\"100128719_ST\",\"101273572_ST\",\"101307286_ST\",\"101264825_ST\",\"101275789_ST\",\"101342291_ST\",\"101240658_ST\",\"101283394_ST\",\"101397851_ST\",\"101397385_ST\",\"101291222_ST\",\"101285729_ST\",\"101253219_KG\",\"101359419_ST\",\"101251343_ST\",\"101001513_ST\",\"101191452_ST\",\"101263734_ST\",\"100774066_ST\",\"101221729_ST\",\"101206349_ST\",\"101251337_ST\",\"101273571_ST\",\"101291236_ST\",\"101236339_ST\",\"101221728_ST\",\"101290773_ST\",\"101264893_ST\",\"101249773_ST\",\"100382211_ST\",\"101220064_ST\",\"101285651_ST\"]","numberOfRows":"1"},{"uid":"comp_0000GGMT","uuid":"eyJpdGVtSWQiOiJjb21wXzAwMDBHR01UIiwiY2F0YWxvZ0lkIjoid2lsbHlzQ29udGVudENhdGFsb2ciLCJjYXRhbG9nVmVyc2lvbiI6Ik9ubGluZSJ9","typeCode":"AxfoodProductBannerComponent","modifiedTime":"2023-05-23T21:29:02.176+02:00","name":"Balk grill v22 2023","container":"false","cartFilter":"false","scroll":"ONE","title":"Heta priser till grillen!","popup":"true","displayType":"SELECTED_PRODUCTS","gridPackages":"[\"Package_grill_v22_2023\"]","synchronizationBlocked":"false","useSpssSort":"false","minProducts":"7","productCodes":"[\"101253220_KG\",\"101291236_ST\",\"100771309_ST\",\"101133694_ST\",\"101236336_ST\",\"100152914_ST\",\"100152914_KG\",\"100172876_KG\",\"101282393_ST\",\"101264939_ST\",\"101174339_ST\",\"101291222_ST\",\"101281495_ST\",\"100819633_ST\",\"101268416_ST\",\"101301624_ST\",\"101206890_ST\",\"101265143_ST\",\"101048153_ST\",\"100057787_ST\",\"101264854_ST\",\"101208470_KG\",\"100128719_ST\",\"101245523_ST\",\"101236339_ST\",\"101334504_KG\",\"101264825_ST\",\"100013192_ST\",\"100942660_ST\",\"101275765_ST\",\"100192970_ST\",\"101475654_ST\",\"101285651_ST\",\"101251769_ST\"]","numberOfRows":"2"},{"uid":"comp_0000GGMB","uuid":"eyJpdGVtSWQiOiJjb21wXzAwMDBHR01CIiwiY2F0YWxvZ0lkIjoid2lsbHlzQ29udGVudENhdGFsb2ciLCJjYXRhbG9nVmVyc2lvbiI6Ik9ubGluZSJ9","typeCode":"MultiColumnContainerComponent","modifiedTime":"2023-05-12T16:01:13.284+02:00","name":"MultiColumn brickor v21 2023","container":"false","hideInApp":"false","hideInWeb":"false","synchronizationBlocked":"false","columnContainerData":{"uuid":"eyJpdGVtSWQiOiJDb2x1bW5fYnJpY2tvcl92MjFfMjAyMyIsImNhdGFsb2dJZCI6IndpbGx5c0NvbnRlbnRDYXRhbG9nIiwiY2F0YWxvZ1ZlcnNpb24iOiJPbmxpbmUifQ==","typeCode":"ColumnComponent","modifiedTime":"2023-05-12T16:02:02.534+02:00","name":"Column brickor v21 2023","container":"false","widthPercent":"100","synchronizationBlocked":"false","width":"WIDTH_100"}},{"uid":"comp_0000GFU2","uuid":"eyJpdGVtSWQiOiJjb21wXzAwMDBHRlUyIiwiY2F0YWxvZ0lkIjoid2lsbHlzQ29udGVudENhdGFsb2ciLCJjYXRhbG9nVmVyc2lvbiI6Ik9ubGluZSJ9","typeCode":"MultiColumnContainerComponent","modifiedTime":"2023-05-23T21:28:57.109+02:00","name":"MultiColumn brickor v22 2023","container":"false","hideInApp":"false","hideInWeb":"false","synchronizationBlocked":"false","columnContainerData":{"uuid":"eyJpdGVtSWQiOiJDb2x1bW5fYnJpY2tvcl92MjJfMjAyMyIsImNhdGFsb2dJZCI6IndpbGx5c0NvbnRlbnRDYXRhbG9nIiwiY2F0YWxvZ1ZlcnNpb24iOiJPbmxpbmUifQ==","typeCode":"ColumnComponent","modifiedTime":"2023-05-23T21:30:23.397+02:00","name":"Column_brickor_v22_2023","container":"false","widthPercent":"100","cmsComponentTypeCodes":"[\"TwoTilesButtonAndProductBannerComponent\",\"TwoTilesButtonAndProductBannerComponent\"]","synchronizationBlocked":"false","width":"WIDTH_100","cmsComponents":"[\"Twotiles_persika_v22_2023\",\"TwoTiles_glass_v22_2023\"]"}},{"uid":"comp_0000GI5A","uuid":"eyJpdGVtSWQiOiJjb21wXzAwMDBHSTVBIiwiY2F0YWxvZ0lkIjoid2lsbHlzQ29udGVudENhdGFsb2ciLCJjYXRhbG9nVmVyc2lvbiI6Ik9ubGluZSJ9","typeCode":"MultiColumnContainerComponent","modifiedTime":"2023-05-23T21:28:59.729+02:00","name":"MultiColumn brickor v23 2023","container":"false","hideInApp":"false","hideInWeb":"false","synchronizationBlocked":"false","columnContainerData":{"uuid":"eyJpdGVtSWQiOiJDb2x1bW5fYnJpY2tvcl92MjNfMjAyMyIsImNhdGFsb2dJZCI6IndpbGx5c0NvbnRlbnRDYXRhbG9nIiwiY2F0YWxvZ1ZlcnNpb24iOiJPbmxpbmUifQ==","typeCode":"ColumnComponent","modifiedTime":"2023-05-23T21:30:23.813+02:00","name":"Column brickor v23 2023","container":"false","widthPercent":"100","synchronizationBlocked":"false","width":"WIDTH_100"}},{"uid":"comp_0000GL8G","uuid":"eyJpdGVtSWQiOiJjb21wXzAwMDBHTDhHIiwiY2F0YWxvZ0lkIjoid2lsbHlzQ29udGVudENhdGFsb2ciLCJjYXRhbG9nVmVyc2lvbiI6Ik9ubGluZSJ9","typeCode":"MultiColumnContainerComponent","modifiedTime":"2023-05-29T11:52:22.235+02:00","name":"MultiColumn brickor v24 2023","container":"false","hideInApp":"false","hideInWeb":"false","synchronizationBlocked":"false","columnContainerData":{"uuid":"eyJpdGVtSWQiOiJDb2x1bW5fYnJpY2tvcl92MjRfMjAyMyIsImNhdGFsb2dJZCI6IndpbGx5c0NvbnRlbnRDYXRhbG9nIiwiY2F0YWxvZ1ZlcnNpb24iOiJPbmxpbmUifQ==","typeCode":"ColumnComponent","modifiedTime":"2023-05-29T11:53:26.953+02:00","name":"Column_brickor_v24_2023","container":"false","widthPercent":"100","synchronizationBlocked":"false","width":"WIDTH_100"}},{"uid":"comp_0000GFU3","uuid":"eyJpdGVtSWQiOiJjb21wXzAwMDBHRlUzIiwiY2F0YWxvZ0lkIjoid2lsbHlzQ29udGVudENhdGFsb2ciLCJjYXRhbG9nVmVyc2lvbiI6Ik9ubGluZSJ9","typeCode":"AxfoodProductBannerComponent","modifiedTime":"2023-05-23T21:28:57.325+02:00","name":"Balk vardagsmat v22 2023","container":"false","cartFilter":"false","scroll":"ONE","title":"Vardagsmat till goda priser!","popup":"true","displayType":"SELECTED_PRODUCTS","synchronizationBlocked":"false","useSpssSort":"false","minProducts":"7","productCodes":"[\"101266950_ST\",\"101261068_ST\",\"101123758_ST\",\"101328356_ST\",\"101275800_ST\",\"100269139_KG\",\"100148868_KG\",\"101339243_ST\",\"101329460_ST\",\"101058267_ST\",\"101283428_ST\",\"101229352_ST\",\"101267519_ST\",\"101270793_ST\",\"100007136_KG\",\"101274134_ST\",\"100152914_ST\",\"100152914_KG\",\"101329937_ST\",\"100149064_KG\",\"100150827_ST\",\"100150827_KG\",\"101361697_ST\",\"101325355_ST\",\"101066052_ST\",\"101187302_ST\",\"101260977_ST\",\"101004020_ST\",\"100819633_ST\",\"100517406_ST\",\"101319816_ST\",\"101423140_ST\",\"101263071_ST\",\"101249333_ST\",\"101249333_KG\",\"101236667_ST\",\"101173871_ST\"]","numberOfRows":"2"},{"uid":"comp_0000GGMD","uuid":"eyJpdGVtSWQiOiJjb21wXzAwMDBHR01EIiwiY2F0YWxvZ0lkIjoid2lsbHlzQ29udGVudENhdGFsb2ciLCJjYXRhbG9nVmVyc2lvbiI6Ik9ubGluZSJ9","typeCode":"AxfoodProductBannerComponent","modifiedTime":"2023-05-15T10:31:53.883+02:00","name":"Balk Dragomirs helgkasse tor v21-ons v22 2023","container":"false","cartFilter":"false","scroll":"ONE","title":"Ta helg som en TV-skurk!","popup":"true","displayType":"SELECTED_PRODUCTS","gridPackages":"[\"Package_dragomirshelgkasse_2023\"]","synchronizationBlocked":"false","useSpssSort":"false","minProducts":"7","productCodes":"[\"101291327_ST\",\"101244335_ST\",\"100393842_ST\",\"101183319_ST\",\"101241335_KG\",\"100137095_ST\",\"101239477_ST\",\"100879239_ST\",\"101307277_ST\",\"100956761_ST\",\"101249474_ST\",\"101231715_ST\",\"101197149_ST\",\"101058267_ST\",\"101203891_ST\",\"101351679_ST\",\"100330642_ST\",\"101285086_ST\",\"101189680_ST\",\"100404082_ST\",\"100256571_ST\"]","numberOfRows":"2"}]}}},{"key":"Position2LeftCol3Slot-Willys-Homepage","value":{"slotId":"Position2LeftCol3Slot-Willys-Homepage","slotUuid":"eyJpdGVtSWQiOiJQb3NpdGlvbjJMZWZ0Q29sM1Nsb3QtV2lsbHlzLUhvbWVwYWdlIiwiY2F0YWxvZ0lkIjoid2lsbHlzQ29udGVudENhdGFsb2ciLCJjYXRhbG9nVmVyc2lvbiI6Ik9ubGluZSJ9","position":"Position2LeftCol3","name":"Position2LeftCol3","slotShared":false,"components":{"component":[]}}},{"key":"Position6RightSlot","value":{"slotId":"Position6RightSlot","slotUuid":"eyJpdGVtSWQiOiJQb3NpdGlvbjZSaWdodFNsb3QiLCJjYXRhbG9nSWQiOiJ3aWxseXNDb250ZW50Q2F0YWxvZyIsImNhdGFsb2dWZXJzaW9uIjoiT25saW5lIn0=","position":"Position6Right","name":"Position6RightSlot","slotShared":false,"components":{"component":[]}}},{"key":"Content-usp-Willys-Homepage","value":{"slotId":"Content-usp-Willys-Homepage","slotUuid":"eyJpdGVtSWQiOiJDb250ZW50LXVzcC1XaWxseXMtSG9tZXBhZ2UiLCJjYXRhbG9nSWQiOiJ3aWxseXNDb250ZW50Q2F0YWxvZyIsImNhdGFsb2dWZXJzaW9uIjoiT25saW5lIn0=","position":"Content-usp-Willys-Homepage","name":"Content-usp-Willys-Homepage","slotShared":false,"components":{"component":[{"uid":"comp_00007S3I","uuid":"eyJpdGVtSWQiOiJjb21wXzAwMDA3UzNJIiwiY2F0YWxvZ0lkIjoid2lsbHlzQ29udGVudENhdGFsb2ciLCJjYXRhbG9nVmVyc2lvbiI6Ik9ubGluZSJ9","typeCode":"AxfoodContentUspCmsComponent","modifiedTime":"2023-03-22T08:24:33.273+01:00","name":"Willys USP:ar","container":"false","hideInDesktop":"false","contentUsps":"[\"USP_Matpriskollen_v22_2021\",\"Nykundskod\",\"NYKUNDSkod\",\"jobbahososs_USP\"]","synchronizationBlocked":"false","hideInTablet":"false"}]}}},{"key":"Position2RightCol3Slot-Willys-Homepage","value":{"slotId":"Position2RightCol3Slot-Willys-Homepage","slotUuid":"eyJpdGVtSWQiOiJQb3NpdGlvbjJSaWdodENvbDNTbG90LVdpbGx5cy1Ib21lcGFnZSIsImNhdGFsb2dJZCI6IndpbGx5c0NvbnRlbnRDYXRhbG9nIiwiY2F0YWxvZ1ZlcnNpb24iOiJPbmxpbmUifQ==","position":"Position2RightCol3","name":"Position2RightCol3","slotShared":false,"components":{"component":[]}}},{"key":"Position2LeftSlot","value":{"slotId":"Position2LeftSlot","slotUuid":"eyJpdGVtSWQiOiJQb3NpdGlvbjJMZWZ0U2xvdCIsImNhdGFsb2dJZCI6IndpbGx5c0NvbnRlbnRDYXRhbG9nIiwiY2F0YWxvZ1ZlcnNpb24iOiJPbmxpbmUifQ==","position":"Position2Left","name":"Position2LeftSlot","slotShared":false,"components":{"component":[{"uid":"comp_00001CMG","uuid":"eyJpdGVtSWQiOiJjb21wXzAwMDAxQ01HIiwiY2F0YWxvZ0lkIjoid2lsbHlzQ29udGVudENhdGFsb2ciLCJjYXRhbG9nVmVyc2lvbiI6Ik9ubGluZSJ9","typeCode":"AxfoodResponsiveBannerComponent","modifiedTime":"2016-11-01T15:21:40.787+01:00","name":"AxfoodResponsiveBannerComponent","container":"false","imageHeightDesktop":"310","centerContent":"false","imageHeightMobile":"373","showInApp":"false","media":{"tablet":{"code":"Willys_Testkund_768px.jpg","mime":"image/jpeg","altText":"Willys_Testkund_768px.jpg","url":"https://d2rfo6yapuixuu.cloudfront.net/h57/hd3/8864437305374/Willys_Testkund_768px.jpg"},"desktop":{"code":"Willys_Testkund_1280px.jpg","mime":"image/jpeg","altText":"Willys_Testkund_1280px.jpg","url":"https://d2rfo6yapuixuu.cloudfront.net/h46/hd0/8864437239838/Willys_Testkund_1280px.jpg"},"mobile":{"code":"Willys_testkund_320px.jpg","mime":"image/jpeg","altText":"Willys_testkund_320px.jpg","url":"https://d2rfo6yapuixuu.cloudfront.net/haf/hd3/8864437338142/Willys_testkund_320px.jpg"},"widescreen":{"code":"Willys_Testkund_1440px.jpg","mime":"image/jpeg","altText":"Willys_Testkund_1440px.jpg","url":"https://d2rfo6yapuixuu.cloudfront.net/hb0/hd0/8864437272606/Willys_Testkund_1440px.jpg"}},"article":"false","imageHeightTablet":"373","synchronizationBlocked":"false","buttonEnabled":"false","cookieBanner":"false","urlLink":"https://handla.willys.se/testkund"}]}}},{"key":"FooterCenterSlot","value":{"slotId":"FooterCenterSlot","slotUuid":"eyJpdGVtSWQiOiJGb290ZXJDZW50ZXJTbG90IiwiY2F0YWxvZ0lkIjoid2lsbHlzQ29udGVudENhdGFsb2ciLCJjYXRhbG9nVmVyc2lvbiI6Ik9ubGluZSJ9","position":"FooterCenter","name":"FooterCenterSlot","slotShared":true,"components":{"component":[{"uid":"FooterComponent","uuid":"eyJpdGVtSWQiOiJGb290ZXJDb21wb25lbnQiLCJjYXRhbG9nSWQiOiJ3aWxseXNDb250ZW50Q2F0YWxvZyIsImNhdGFsb2dWZXJzaW9uIjoiT25saW5lIn0=","typeCode":"AxfoodFooterComponent","modifiedTime":"2017-09-27T08:19:53.961+02:00","name":"Länkar sidfot","container":"false","socialLinks":{"instagram":{"container":"false","uid":"instagram","external":"false","name":"Instagram","synchronizationBlocked":"false","uuid":"eyJpdGVtSWQiOiJpbnN0YWdyYW0iLCJjYXRhbG9nSWQiOiJ3aWxseXNDb250ZW50Q2F0YWxvZyIsImNhdGFsb2dWZXJzaW9uIjoiT25saW5lIn0=","linkName":"Instagram","url":"https://www.instagram.com","typeCode":"CMSLinkComponent","target":"newWindow"},"twitter":{"container":"false","uid":"twitter","external":"false","name":"Twitter","synchronizationBlocked":"false","uuid":"eyJpdGVtSWQiOiJ0d2l0dGVyIiwiY2F0YWxvZ0lkIjoid2lsbHlzQ29udGVudENhdGFsb2ciLCJjYXRhbG9nVmVyc2lvbiI6Ik9ubGluZSJ9","linkName":"Twitter","url":"https://www.twitter.com","typeCode":"CMSLinkComponent","target":"newWindow"},"facebook":{"container":"false","uid":"facebook","external":"false","name":"Facebook","synchronizationBlocked":"false","uuid":"eyJpdGVtSWQiOiJmYWNlYm9vayIsImNhdGFsb2dJZCI6IndpbGx5c0NvbnRlbnRDYXRhbG9nIiwiY2F0YWxvZ1ZlcnNpb24iOiJPbmxpbmUifQ==","linkName":"Facebook","url":"www.facebook.com/Willys","typeCode":"CMSLinkComponent","target":"newWindow"}},"coreLinks":{"my-willy-plus":{"container":"false","uid":"my-willy-plus","external":"false","name":"My Willy+","synchronizationBlocked":"false","uuid":"eyJpdGVtSWQiOiJteS13aWxseS1wbHVzIiwiY2F0YWxvZ0lkIjoid2lsbHlzQ29udGVudENhdGFsb2ciLCJjYXRhbG9nVmVyc2lvbiI6Ik9ubGluZSJ9","linkName":"Mitt konto","url":"/#/mitt-konto","typeCode":"CMSLinkComponent","target":"sameWindow"}},"showLanguageCurrency":"false","wrapAfter":"0","synchronizationBlocked":"false","bottomLinks":{"WillysFooterCopyrightText":{"container":"false","uid":"WillysFooterCopyrightText","external":"false","name":"Willys Footer Copyright Text","synchronizationBlocked":"false","uuid":"eyJpdGVtSWQiOiJXaWxseXNGb290ZXJDb3B5cmlnaHRUZXh0IiwiY2F0YWxvZ0lkIjoid2lsbHlzQ29udGVudENhdGFsb2ciLCJjYXRhbG9nVmVyc2lvbiI6Ik9ubGluZSJ9","linkName":"©Willys","typeCode":"CMSLinkComponent","target":"sameWindow"}},"navigationNode":{"uid":"WillysFooterLinksNavNode","entries":[],"links":[],"children":[{"uid":"WillysFooterLinksLeftNode","entries":[],"links":[],"children":[{"uid":"WillysAboutNode","entries":[],"links":[{"external":false,"linkName":[{"key":"sv","value":"Om oss"}],"target":false,"url":"/artikel/om-oss"}],"children":[{"uid":"WillysVarHistoriaPageNode","entries":[],"links":[{"external":false,"linkName":[{"key":"sv","value":"Vår historia"}],"target":false,"url":"/artikel/om-oss/var-historia"}],"children":[],"title":"Vår historia"},{"uid":"WillysVarAffarsidePageNode","entries":[],"links":[{"external":false,"linkName":[{"key":"sv","value":"Vår affärsidé"}],"target":false,"url":"/artikel/om-oss/var-affarside"}],"children":[],"title":"Vår affärsidé"},{"uid":"WillysAllaRattTillBraMatPageNode","entries":[],"links":[{"external":false,"linkName":[{"key":"sv","value":"Allas rätt till bra mat"}],"target":false,"url":"/artikel/om-oss/allas-ratt-till-bra-mat"}],"children":[],"title":"Bra mat för alla"},{"uid":"WillysSustainabilityNode","entries":[],"links":[{"external":false,"linkName":[{"key":"sv","value":"Hållbarhet"}],"target":false,"url":"/artikel/om-oss/hallbarhet"}],"children":[{"uid":"WillysGreenRedNode","entries":[],"links":[{"external":false,"linkName":[{"key":"sv","value":"Resurseffektiva butiker"}],"target":false,"url":"/artikel/om-oss/hallbarhet/grona-butiker-roda-priser"}],"children":[{"uid":"Vår klimatpåverkan","entries":[],"links":[{"external":false,"linkName":[{"key":"sv","value":"Vår klimatpåverkan"}],"target":false,"url":"/artikel/om-oss/hallbarhet/var-klimatpaverkan"}],"children":[],"title":"Vår klimatpåverkan"}],"title":"Resurseffektiva butiker"},{"uid":"WillysGoodEnvironmentalNode","entries":[],"links":[{"external":false,"linkName":[{"key":"sv","value":"Bra miljöval"}],"target":false,"url":"/artikel/om-oss/hallbarhet/bra-miljoval"}],"children":[{"uid":"WillysPVCNode","entries":[],"links":[{"external":false,"linkName":[{"key":"sv","value":"PVC"}],"target":false,"url":"/artikel/om-oss/hallbarhet/bra-miljoval/pvc"}],"children":[],"title":"PVC"},{"uid":"WillysEcoLabeledToysNode","entries":[],"links":[{"external":false,"linkName":[{"key":"sv","value":"Miljömärkta leksaker"}],"target":false,"url":"/artikel/om-oss/hallbarhet/bra-miljoval/miljomarkta-leksaker"}],"children":[],"title":"Miljömärkta leksaker"}],"title":"Bra miljöval"},{"uid":"WillysAnsvarsfulltSortimentPageNode","entries":[],"links":[{"external":false,"linkName":[{"key":"sv","value":"Ansvarsfullt sortiment"}],"target":false,"url":"/artikel/om-oss/hallbarhet/ansvarsfullt-sortiment"}],"children":[],"title":"Ansvarsfullt sortiment"},{"uid":"WillysWasteSmartNode","entries":[],"links":[{"external":false,"linkName":[{"key":"sv","value":"Svinnsmart"}],"target":false,"url":"/artikel/om-oss/hallbarhet/svinnsmart"}],"children":[{"uid":"WillysOurGoalNode","entries":[],"links":[{"external":false,"linkName":[{"key":"sv","value":"Vår målsättning"}],"target":false,"url":"/artikel/om-oss/hallbarhet/svinnsmart/var-malsattning"}],"children":[],"title":"Vår målsättning"},{"uid":"WillysBecomeWasteSmartNode","entries":[],"links":[{"external":false,"linkName":[{"key":"sv","value":"Bli svinnsmart"}],"target":false,"url":"/artikel/om-oss/hallbarhet/svinnsmart/bli-svinnsmart"}],"children":[],"title":"Bli svinnsmart"},{"uid":"WillysWasteSmartCooperationNode","entries":[],"links":[{"external":false,"linkName":[{"key":"sv","value":"Svinnsmarta samarbeten"}],"target":false,"url":"/artikel/om-oss/hallbarhet/svinnsmart/svinnsmarta-samarbeten"}],"children":[],"title":"Svinnsmarta samarbeten"},{"uid":"WillysReduceWasteNode","entries":[],"links":[{"external":false,"linkName":[{"key":"sv","value":"Så minskar vi matsvinnet"}],"target":false,"url":"/artikel/om-oss/hallbarhet/svinnsmart/sa-minskar-vi-matsvinnet"}],"children":[],"title":"Så minskar vi matsvinnet"},{"uid":"WillysDenHarMatenSlangsMestNode","entries":[],"links":[{"external":false,"linkName":[{"key":"sv","value":"Den här maten slängs mest"}],"target":false,"url":"/artikel/om-oss/hallbarhet/svinnsmart/undersokning"}],"children":[],"title":"Den här maten slängs mest"},{"uid":"WillysFoodCommissionNode","entries":[],"links":[{"external":false,"linkName":[{"key":"sv","value":"Matmissionen"}],"target":false,"url":"/artikel/om-oss/hallbarhet/svinnsmart/matmissionen"}],"children":[],"title":"Matmissionen"},{"uid":"WillysVaraSvinnsmartaProdukterNode","entries":[],"links":[{"external":false,"linkName":[{"key":"sv","value":"Våra svinnsmarta produkter"}],"target":false,"url":"/artikel/om-oss/hallbarhet/svinnsmart/varor"}],"children":[],"title":"Våra svinnsmarta produkter"}],"title":"Svinnsmart"},{"uid":"WillysSaveTheChildrenNode","entries":[],"links":[{"external":false,"linkName":[{"key":"sv","value":"Rädda Barnen"}],"target":false,"url":"/artikel/om-oss/hallbarhet/samhallsengagemang"}],"children":[],"title":"Samhällsengagemang"}],"title":"Hållbarhet"},{"uid":"WillysNewsNode","entries":[],"links":[{"external":false,"linkName":[{"key":"sv","value":"Nyheter \u0026 press"}],"target":false,"url":"/artikel/om-oss/nyheter-och-press"}],"children":[],"title":"Nyheter \u0026 press"},{"uid":"WillysWillysPlusNode","entries":[],"links":[{"external":false,"linkName":[{"key":"sv","value":"Willys Plus"}],"target":false,"url":"/artikel/om-oss/willys-plus"}],"children":[{"uid":"WillysBetterDealNode","entries":[],"links":[{"external":false,"linkName":[{"key":"sv","value":"En ännu bättre affär"}],"target":false,"url":"/artikel/om-oss/willys-plus/en-annu-battre-affar"}],"children":[],"title":"En ännu bättre affär"},{"uid":"WillysWillysPlusPaFleraSprakNode","entries":[],"links":[{"external":false,"linkName":[{"key":"sv","value":"Willys plus på flera språk"}],"target":false,"url":"/artikel/om-oss/willys-plus/willys-plus-pa-flera-sprak"}],"children":[],"title":"Willys Plus på flera språk"},{"uid":"WillysUtanPersonnummer","entries":[],"links":[{"external":false,"linkName":[{"key":"sv","value":"Ansluta utan personnnummer"}],"target":false,"url":"/artikel/om-oss/willys-plus/utan-personnummer"}],"children":[],"title":"Ansluta utan personnummer"}],"title":"Willys Plus"},{"uid":"Willys Dataskydd Node","entries":[],"links":[{"external":false,"linkName":[{"key":"sv","value":"Dataskydd"}],"target":false,"url":"/artikel/villkor-dataskydd"}],"children":[{"uid":"Node Integritetspolicy","entries":[],"links":[{"external":false,"linkName":[{"key":"sv","value":"Integritetspolicy"}],"target":false,"url":"/artikel/integritetspolicy"}],"children":[],"title":"Integritetspolicy"}],"title":"Dataskydd"},{"uid":"CookieSettings","entries":[],"links":[],"children":[],"title":"Cookie-inställningar"}],"title":"Om oss"},{"uid":"WillysCustomerServiceNode","entries":[],"links":[{"external":false,"linkName":[{"key":"sv","value":"Kundservice"}],"target":false,"url":"/artikel/kundservice"}],"children":[{"uid":"WillysContactNode","entries":[],"links":[{"external":false,"linkName":[{"key":"sv","value":"Kontakta oss"}],"target":false,"url":"/artikel/kundservice/kontakta-oss"}],"children":[],"title":"Kontakta oss"},{"uid":"WillysFAQNode","entries":[],"links":[{"external":false,"linkName":[{"key":"sv","value":"Vanliga frågor \u0026 svar"}],"target":false,"url":"/artikel/kundservice/vanliga-fragor-och-svar"}],"children":[],"title":"Vanliga frågor \u0026 svar"},{"uid":"WillysEhandelNode","entries":[],"links":[{"external":false,"linkName":[{"key":"sv","value":"Vår e-handel"}],"target":false,"url":"/artikel/ehandla"}],"children":[],"title":"Vår e-handel"},{"uid":"WillysWarrantyNode","entries":[],"links":[{"external":false,"linkName":[{"key":"sv","value":"Våra garantier"}],"target":false,"url":"/artikel/kundservice/vara-garantier"}],"children":[],"title":"Våra garantier"},{"uid":"WillysECommerceTermsNode","entries":[],"links":[{"external":false,"linkName":[{"key":"sv","value":"Villkor e-handel"}],"target":false,"url":"/artikel/kundservice/villkor-e-handel"}],"children":[],"title":"Villkor e-handel"},{"uid":"WillysWillysPlusTerms2Node","entries":[],"links":[{"external":false,"linkName":[{"key":"sv","value":"Villkor Willys Plus"}],"target":false,"url":"/kundservice/villkor-for-willys-plus"}],"children":[],"title":"Villkor Willys Plus"},{"uid":"Willys E-handel företag","entries":[],"links":[{"external":false,"linkName":[{"key":"sv","value":"E-handel företag"}],"target":false,"url":"/artikel/foretag"}],"children":[{"uid":"Företagstider","entries":[],"links":[{"external":false,"linkName":[{"key":"sv","value":"Här kan du e-handla som företag"}],"target":false,"url":"/foretagstider"}],"children":[],"title":"Här kan du e-handla som företag"}],"title":"E-handel företag"}],"title":"Kundservice"},{"uid":"WillysWorkNode","entries":[],"links":[{"external":true,"linkName":[{"key":"sv","value":"Jobba hos oss"}],"target":true,"url":"https://www.willys.se/artikel/jobbahososs"}],"children":[{"uid":"WillysLedigaTjansterWorkNode","entries":[],"links":[{"external":true,"linkName":[{"key":"sv","value":"Lediga tjänster"}],"target":false,"url":"https://jobb.axfood.se/willys/go/Willys/3661901/?locale=sv_SE"}],"children":[],"title":"Lediga tjänster"},{"uid":"WillysUtvecklashosossWorkNode","entries":[],"links":[{"external":false,"linkName":[{"key":"sv","value":"Utvecklas hos oss"}],"target":false,"url":"/artikel/utvecklashososs"}],"children":[],"title":"Utvecklas hos oss"},{"uid":"WillysJobbapaWillysWorkNode","entries":[],"links":[{"external":false,"linkName":[{"key":"sv","value":"Jobba på Willys"}],"target":false,"url":"/artikel/jobbapawillys"}],"children":[],"title":"Jobba på Willys"},{"uid":"WillysVararollerWorkNode","entries":[],"links":[{"external":false,"linkName":[{"key":"sv","value":"Våra roller"}],"target":false,"url":"/artikel/vararoller"}],"children":[],"title":"Våra roller"},{"uid":"WillysFAQWorkNode","entries":[],"links":[{"external":false,"linkName":[{"key":"sv","value":"Frågor \u0026 svar om våra jobb"}],"target":false,"url":"/artikel/kundservice/vanliga-fragor-och-svar"}],"children":[],"title":"Frågor \u0026 svar om våra jobb"}],"title":"Jobba hos oss"}]},{"uid":"WillysFooterLinksRightNode","entries":[],"links":[],"children":[{"uid":"WillysFooterCampaignNode","entries":[],"links":[{"external":false,"linkName":[{"key":"sv","value":"Erbjudanden"}],"target":false,"url":"/erbjudanden"}],"children":[],"title":"Erbjudanden"},{"uid":"WillysFooterStoreFinderNode","entries":[],"links":[{"external":false,"linkName":[{"key":"sv","value":"Hitta butik"}],"target":false,"url":"/butik-sok"},{"external":false,"linkName":[{"key":"sv","value":"Hitta butik"}],"target":false,"url":"/butik-sok"}],"children":[],"title":"Hitta butik"},{"uid":"WillysFooterWillysPlusNode","entries":[],"links":[{"external":false,"linkName":[{"key":"sv","value":"Bli Willys Plus-kund"}],"target":false,"url":"/anvandare/identifiera"}],"children":[],"title":"Bli Willys Plus-kund"}],"title":"Willys Footer Right Navigation Node"}],"title":"Willys Footer Navigation Node"}}]}}},{"key":"Position2RightSlot","value":{"slotId":"Position2RightSlot","slotUuid":"eyJpdGVtSWQiOiJQb3NpdGlvbjJSaWdodFNsb3QiLCJjYXRhbG9nSWQiOiJ3aWxseXNDb250ZW50Q2F0YWxvZyIsImNhdGFsb2dWZXJzaW9uIjoiT25saW5lIn0=","position":"Position2Right","name":"Position2RightSlot","slotShared":false,"components":{"component":[{"uid":"comp_00001CMH","uuid":"eyJpdGVtSWQiOiJjb21wXzAwMDAxQ01IIiwiY2F0YWxvZ0lkIjoid2lsbHlzQ29udGVudENhdGFsb2ciLCJjYXRhbG9nVmVyc2lvbiI6Ik9ubGluZSJ9","typeCode":"AxfoodResponsiveBannerComponent","modifiedTime":"2016-11-01T15:21:40.755+01:00","name":"AxfoodResponsiveBannerComponent","container":"false","imageHeightDesktop":"310","centerContent":"false","imageHeightMobile":"373","showInApp":"false","media":{"tablet":{"code":"Willys_tomat_768px.jpg","mime":"image/jpeg","altText":"Willys_tomat_768px.jpg","url":"https://d2rfo6yapuixuu.cloudfront.net/h6e/hd7/8864437469214/Willys_tomat_768px.jpg"},"desktop":{"code":"Willys_tomat_1280px.jpg","mime":"image/jpeg","altText":"Willys_tomat_1280px.jpg","url":"https://d2rfo6yapuixuu.cloudfront.net/h18/hd4/8864437370910/Willys_tomat_1280px.jpg"},"mobile":{"code":"Willys_tomat_320px.jpg","mime":"image/jpeg","altText":"Willys_tomat_320px.jpg","url":"https://d2rfo6yapuixuu.cloudfront.net/h17/hd7/8864437436446/Willys_tomat_320px.jpg"},"widescreen":{"code":"Willys_tomat_1440px.jpg","mime":"image/jpeg","altText":"Willys_tomat_1440px.jpg","url":"https://d2rfo6yapuixuu.cloudfront.net/hbf/hd6/8864437403678/Willys_tomat_1440px.jpg"}},"article":"false","imageHeightTablet":"373","synchronizationBlocked":"false","buttonEnabled":"false","cookieBanner":"false"}]}}}]},"breadcrumbs":[]}},"categoryPage":{"userId":"anonymous","storeId":"2110","cmsPage":{"uid":"categoryPage","uuid":"eyJpdGVtSWQiOiJjYXRlZ29yeVBhZ2UiLCJjYXRhbG9nSWQiOiJ3aWxseXNDb250ZW50Q2F0YWxvZyIsImNhdGFsb2dWZXJzaW9uIjoiT25saW5lIn0=","canonical":"https://www.willys.se","template":"WillysShoppingTemplate","typeCode":"ContentPage","name":"Willys Category Page","contentSlots":{"contentSlot":[{"key":"Position1Slot-Category","value":{"slotId":"Position1Slot-Category","slotUuid":"eyJpdGVtSWQiOiJQb3NpdGlvbjFTbG90LUNhdGVnb3J5IiwiY2F0YWxvZ0lkIjoid2lsbHlzQ29udGVudENhdGFsb2ciLCJjYXRhbG9nVmVyc2lvbiI6Ik9ubGluZSJ9","position":"Position1","name":"Position1","slotShared":false,"components":{"component":[{"uid":"ProductListComponent","uuid":"eyJpdGVtSWQiOiJQcm9kdWN0TGlzdENvbXBvbmVudCIsImNhdGFsb2dJZCI6IndpbGx5c0NvbnRlbnRDYXRhbG9nIiwiY2F0YWxvZ1ZlcnNpb24iOiJPbmxpbmUifQ==","typeCode":"CMSProductListComponent","modifiedTime":"2016-02-20T11:34:09.738+01:00","name":"Product List Component","container":"false","synchronizationBlocked":"false"}]}}},{"key":"HeaderCenterSlot","value":{"slotId":"HeaderCenterSlot","slotUuid":"eyJpdGVtSWQiOiJIZWFkZXJDZW50ZXJTbG90IiwiY2F0YWxvZ0lkIjoid2lsbHlzQ29udGVudENhdGFsb2ciLCJjYXRhbG9nVmVyc2lvbiI6Ik9ubGluZSJ9","position":"HeaderCenter","name":"HeaderCenterSlot","slotShared":true,"components":{"component":[{"uid":"WillysTopmenuLinksComponent","uuid":"eyJpdGVtSWQiOiJXaWxseXNUb3BtZW51TGlua3NDb21wb25lbnQiLCJjYXRhbG9nSWQiOiJ3aWxseXNDb250ZW50Q2F0YWxvZyIsImNhdGFsb2dWZXJzaW9uIjoiT25saW5lIn0=","typeCode":"AxfoodTopmenuLinksComponent","modifiedTime":"2016-02-20T11:15:51.78+01:00","name":"AxfoodTopmenuLinksComponent","container":"false","synchronizationBlocked":"false","navigationNode":{"uid":"WillysTopMenuLinksNavNode","entries":[],"links":[],"children":[{"uid":"willysCampaignNode","entries":[],"links":[{"external":false,"linkName":[{"key":"sv","value":"Erbjudanden"}],"target":false,"url":"/erbjudanden"}],"children":[],"title":"Erbjudanden"},{"uid":"willysStoreFinderNode","entries":[],"links":[{"external":false,"linkName":[{"key":"sv","value":"Hitta butik"}],"target":false,"url":"/butik-sok"}],"children":[],"title":"Hitta butik"},{"uid":"willysCustomerServiceNode","entries":[],"links":[{"external":false,"linkName":[{"key":"sv"}],"target":false,"url":"/artikel/kundservice"}],"children":[],"title":"Kundservice"},{"uid":"item_00003PHK","entries":[],"links":[{"external":false,"linkName":[{"key":"sv","value":"Willys Plus"}],"target":false,"url":"/artikel/om-oss/willys-plus"}],"children":[],"title":"Willys Plus"}],"title":"Willys Top Menu Navigation Node"}}]}}},{"key":"SearchLeftSlot","value":{"slotId":"SearchLeftSlot","slotUuid":"eyJpdGVtSWQiOiJTZWFyY2hMZWZ0U2xvdCIsImNhdGFsb2dJZCI6IndpbGx5c0NvbnRlbnRDYXRhbG9nIiwiY2F0YWxvZ1ZlcnNpb24iOiJPbmxpbmUifQ==","position":"SearchLeft","name":"SearchLeftSlot","slotShared":true,"components":{"component":[]}}},{"key":"Position3Slot-Category","value":{"slotId":"Position3Slot-Category","slotUuid":"eyJpdGVtSWQiOiJQb3NpdGlvbjNTbG90LUNhdGVnb3J5IiwiY2F0YWxvZ0lkIjoid2lsbHlzQ29udGVudENhdGFsb2ciLCJjYXRhbG9nVmVyc2lvbiI6Ik9ubGluZSJ9","position":"Position3","name":"Position3","slotShared":false,"components":{"component":[]}}},{"key":"HeaderLeftSlot","value":{"slotId":"HeaderLeftSlot","slotUuid":"eyJpdGVtSWQiOiJIZWFkZXJMZWZ0U2xvdCIsImNhdGFsb2dJZCI6IndpbGx5c0NvbnRlbnRDYXRhbG9nIiwiY2F0YWxvZ1ZlcnNpb24iOiJPbmxpbmUifQ==","position":"HeaderLeft","name":"HeaderLeftSlot","slotShared":true,"components":{"component":[{"uid":"SiteLogoComponent","uuid":"eyJpdGVtSWQiOiJTaXRlTG9nb0NvbXBvbmVudCIsImNhdGFsb2dJZCI6IndpbGx5c0NvbnRlbnRDYXRhbG9nIiwiY2F0YWxvZ1ZlcnNpb24iOiJPbmxpbmUifQ==","typeCode":"SimpleBannerComponent","modifiedTime":"2022-10-27T15:00:45.898+02:00","name":"Site Logo Component","container":"false","external":"false","synchronizationBlocked":"false","media":{"code":"willys_logo.svg","mime":"image/svg+xml","altText":"Willys","url":"https://d2rfo6yapuixuu.cloudfront.net/he9/h4c/8878098546718/willys_logo.svg"},"urlLink":"/","target":"sameWindow"}]}}},{"key":"SearchRightSlot","value":{"slotId":"SearchRightSlot","slotUuid":"eyJpdGVtSWQiOiJTZWFyY2hSaWdodFNsb3QiLCJjYXRhbG9nSWQiOiJ3aWxseXNDb250ZW50Q2F0YWxvZyIsImNhdGFsb2dWZXJzaW9uIjoiT25saW5lIn0=","position":"SearchRight","name":"SearchRightSlot","slotShared":true,"components":{"component":[]}}},{"key":"NavigationLeftSlot","value":{"slotId":"NavigationLeftSlot","slotUuid":"eyJpdGVtSWQiOiJOYXZpZ2F0aW9uTGVmdFNsb3QiLCJjYXRhbG9nSWQiOiJ3aWxseXNDb250ZW50Q2F0YWxvZyIsImNhdGFsb2dWZXJzaW9uIjoiT25saW5lIn0=","position":"NavigationLeft","name":"NavigationLeftSlot","slotShared":true,"components":{"component":[{"uid":"LeftMenuComponent","uuid":"eyJpdGVtSWQiOiJMZWZ0TWVudUNvbXBvbmVudCIsImNhdGFsb2dJZCI6IndpbGx5c0NvbnRlbnRDYXRhbG9nIiwiY2F0YWxvZ1ZlcnNpb24iOiJPbmxpbmUifQ==","typeCode":"LeftMenuComponent","modifiedTime":"2016-02-20T11:15:52.978+01:00","name":"Left Menu Component","container":"false","linksRootNavigationNode":{"uid":"LeftMenuLinksNode"},"synchronizationBlocked":"false","categoryRootNavigationNode":{"uid":"NavigationRootNode"},"navigationNode":{"uid":"LeftMenuLinksNode","entries":[],"links":[{"external":false,"linkName":[{"key":"sv","value":"Erbjudanden"}],"target":false,"url":"/erbjudanden"},{"external":false,"linkName":[{"key":"sv","value":"Mina vanligaste varor"}],"target":false,"url":"/minavanligastevaror"}],"children":[{"uid":"Willys_Inspiration_","entries":[],"links":[{"external":false,"linkName":[{"key":"sv","value":"Äh, nu tar vi helg"}],"target":false,"url":"/artikel/helgmat"},{"external":false,"linkName":[{"key":"sv","value":"Börja grillfesten här"}],"target":false,"url":"/artikel/grill"},{"external":false,"linkName":[{"key":"sv","value":"Bra till sommaren"}],"target":false,"url":"/artikel/inspiration/braattha"},{"external":false,"linkName":[{"key":"sv","value":"Nyheter"}],"target":false,"url":"/artikel/inspiration/nyheter"},{"external":false,"linkName":[{"key":"sv","value":"Dragomir Mrsics helgkasse"}],"target":false,"url":"/artikel/dragomirshelgkasse"},{"external":false,"linkName":[{"key":"sv","value":"Fler färdiga helgkassar"}],"target":false,"url":"/artikel/helgkassar"}],"children":[],"title":"Inspiration"}]}}]}}},{"key":"SearchBoxSlot","value":{"slotId":"SearchBoxSlot","slotUuid":"eyJpdGVtSWQiOiJTZWFyY2hCb3hTbG90IiwiY2F0YWxvZ0lkIjoid2lsbHlzQ29udGVudENhdGFsb2ciLCJjYXRhbG9nVmVyc2lvbiI6Ik9ubGluZSJ9","position":"SearchBox","name":"SearchBoxSlot","slotShared":true,"components":{"component":[{"uid":"SearchBox","uuid":"eyJpdGVtSWQiOiJTZWFyY2hCb3giLCJjYXRhbG9nSWQiOiJ3aWxseXNDb250ZW50Q2F0YWxvZyIsImNhdGFsb2dWZXJzaW9uIjoiT25saW5lIn0=","typeCode":"SearchBoxComponent","modifiedTime":"2017-06-26T15:27:57.986+02:00","name":"Search Box","container":"false","maxSuggestions":"5","maxProducts":"0","displaySuggestions":"true","synchronizationBlocked":"false","displayProducts":"false","displayProductImages":"false","waitTimeBeforeRequest":"500","minCharactersBeforeRequest":"2"}]}}},{"key":"MessageBoxSlot","value":{"slotId":"MessageBoxSlot","slotUuid":"eyJpdGVtSWQiOiJNZXNzYWdlQm94U2xvdCIsImNhdGFsb2dJZCI6IndpbGx5c0NvbnRlbnRDYXRhbG9nIiwiY2F0YWxvZ1ZlcnNpb24iOiJPbmxpbmUifQ==","position":"MessageBox","name":"MessageBoxSlot","slotShared":true,"components":{"component":[{"uid":"DeliveryContainer","uuid":"eyJpdGVtSWQiOiJEZWxpdmVyeUNvbnRhaW5lciIsImNhdGFsb2dJZCI6IndpbGx5c0NvbnRlbnRDYXRhbG9nIiwiY2F0YWxvZ1ZlcnNpb24iOiJPbmxpbmUifQ==","typeCode":"AxfoodDeliveryClosableContainer","modifiedTime":"2016-02-20T11:34:10.356+01:00","name":"Delivery Container","container":"true","synchronizationBlocked":"false"}]}}},{"key":"FooterCenterSlot","value":{"slotId":"FooterCenterSlot","slotUuid":"eyJpdGVtSWQiOiJGb290ZXJDZW50ZXJTbG90IiwiY2F0YWxvZ0lkIjoid2lsbHlzQ29udGVudENhdGFsb2ciLCJjYXRhbG9nVmVyc2lvbiI6Ik9ubGluZSJ9","position":"FooterCenter","name":"FooterCenterSlot","slotShared":true,"components":{"component":[{"uid":"FooterComponent","uuid":"eyJpdGVtSWQiOiJGb290ZXJDb21wb25lbnQiLCJjYXRhbG9nSWQiOiJ3aWxseXNDb250ZW50Q2F0YWxvZyIsImNhdGFsb2dWZXJzaW9uIjoiT25saW5lIn0=","typeCode":"AxfoodFooterComponent","modifiedTime":"2017-09-27T08:19:53.961+02:00","name":"Länkar sidfot","container":"false","socialLinks":{"instagram":{"container":"false","uid":"instagram","external":"false","name":"Instagram","synchronizationBlocked":"false","uuid":"eyJpdGVtSWQiOiJpbnN0YWdyYW0iLCJjYXRhbG9nSWQiOiJ3aWxseXNDb250ZW50Q2F0YWxvZyIsImNhdGFsb2dWZXJzaW9uIjoiT25saW5lIn0=","linkName":"Instagram","url":"https://www.instagram.com","typeCode":"CMSLinkComponent","target":"newWindow"},"twitter":{"container":"false","uid":"twitter","external":"false","name":"Twitter","synchronizationBlocked":"false","uuid":"eyJpdGVtSWQiOiJ0d2l0dGVyIiwiY2F0YWxvZ0lkIjoid2lsbHlzQ29udGVudENhdGFsb2ciLCJjYXRhbG9nVmVyc2lvbiI6Ik9ubGluZSJ9","linkName":"Twitter","url":"https://www.twitter.com","typeCode":"CMSLinkComponent","target":"newWindow"},"facebook":{"container":"false","uid":"facebook","external":"false","name":"Facebook","synchronizationBlocked":"false","uuid":"eyJpdGVtSWQiOiJmYWNlYm9vayIsImNhdGFsb2dJZCI6IndpbGx5c0NvbnRlbnRDYXRhbG9nIiwiY2F0YWxvZ1ZlcnNpb24iOiJPbmxpbmUifQ==","linkName":"Facebook","url":"www.facebook.com/Willys","typeCode":"CMSLinkComponent","target":"newWindow"}},"coreLinks":{"my-willy-plus":{"container":"false","uid":"my-willy-plus","external":"false","name":"My Willy+","synchronizationBlocked":"false","uuid":"eyJpdGVtSWQiOiJteS13aWxseS1wbHVzIiwiY2F0YWxvZ0lkIjoid2lsbHlzQ29udGVudENhdGFsb2ciLCJjYXRhbG9nVmVyc2lvbiI6Ik9ubGluZSJ9","linkName":"Mitt konto","url":"/#/mitt-konto","typeCode":"CMSLinkComponent","target":"sameWindow"}},"showLanguageCurrency":"false","wrapAfter":"0","synchronizationBlocked":"false","bottomLinks":{"WillysFooterCopyrightText":{"container":"false","uid":"WillysFooterCopyrightText","external":"false","name":"Willys Footer Copyright Text","synchronizationBlocked":"false","uuid":"eyJpdGVtSWQiOiJXaWxseXNGb290ZXJDb3B5cmlnaHRUZXh0IiwiY2F0YWxvZ0lkIjoid2lsbHlzQ29udGVudENhdGFsb2ciLCJjYXRhbG9nVmVyc2lvbiI6Ik9ubGluZSJ9","linkName":"©Willys","typeCode":"CMSLinkComponent","target":"sameWindow"}},"navigationNode":{"uid":"WillysFooterLinksNavNode","entries":[],"links":[],"children":[{"uid":"WillysFooterLinksLeftNode","entries":[],"links":[],"children":[{"uid":"WillysAboutNode","entries":[],"links":[{"external":false,"linkName":[{"key":"sv","value":"Om oss"}],"target":false,"url":"/artikel/om-oss"}],"children":[{"uid":"WillysVarHistoriaPageNode","entries":[],"links":[{"external":false,"linkName":[{"key":"sv","value":"Vår historia"}],"target":false,"url":"/artikel/om-oss/var-historia"}],"children":[],"title":"Vår historia"},{"uid":"WillysVarAffarsidePageNode","entries":[],"links":[{"external":false,"linkName":[{"key":"sv","value":"Vår affärsidé"}],"target":false,"url":"/artikel/om-oss/var-affarside"}],"children":[],"title":"Vår affärsidé"},{"uid":"WillysAllaRattTillBraMatPageNode","entries":[],"links":[{"external":false,"linkName":[{"key":"sv","value":"Allas rätt till bra mat"}],"target":false,"url":"/artikel/om-oss/allas-ratt-till-bra-mat"}],"children":[],"title":"Bra mat för alla"},{"uid":"WillysSustainabilityNode","entries":[],"links":[{"external":false,"linkName":[{"key":"sv","value":"Hållbarhet"}],"target":false,"url":"/artikel/om-oss/hallbarhet"}],"children":[{"uid":"WillysGreenRedNode","entries":[],"links":[{"external":false,"linkName":[{"key":"sv","value":"Resurseffektiva butiker"}],"target":false,"url":"/artikel/om-oss/hallbarhet/grona-butiker-roda-priser"}],"children":[{"uid":"Vår klimatpåverkan","entries":[],"links":[{"external":false,"linkName":[{"key":"sv","value":"Vår klimatpåverkan"}],"target":false,"url":"/artikel/om-oss/hallbarhet/var-klimatpaverkan"}],"children":[],"title":"Vår klimatpåverkan"}],"title":"Resurseffektiva butiker"},{"uid":"WillysGoodEnvironmentalNode","entries":[],"links":[{"external":false,"linkName":[{"key":"sv","value":"Bra miljöval"}],"target":false,"url":"/artikel/om-oss/hallbarhet/bra-miljoval"}],"children":[{"uid":"WillysPVCNode","entries":[],"links":[{"external":false,"linkName":[{"key":"sv","value":"PVC"}],"target":false,"url":"/artikel/om-oss/hallbarhet/bra-miljoval/pvc"}],"children":[],"title":"PVC"},{"uid":"WillysEcoLabeledToysNode","entries":[],"links":[{"external":false,"linkName":[{"key":"sv","value":"Miljömärkta leksaker"}],"target":false,"url":"/artikel/om-oss/hallbarhet/bra-miljoval/miljomarkta-leksaker"}],"children":[],"title":"Miljömärkta leksaker"}],"title":"Bra miljöval"},{"uid":"WillysAnsvarsfulltSortimentPageNode","entries":[],"links":[{"external":false,"linkName":[{"key":"sv","value":"Ansvarsfullt sortiment"}],"target":false,"url":"/artikel/om-oss/hallbarhet/ansvarsfullt-sortiment"}],"children":[],"title":"Ansvarsfullt sortiment"},{"uid":"WillysWasteSmartNode","entries":[],"links":[{"external":false,"linkName":[{"key":"sv","value":"Svinnsmart"}],"target":false,"url":"/artikel/om-oss/hallbarhet/svinnsmart"}],"children":[{"uid":"WillysOurGoalNode","entries":[],"links":[{"external":false,"linkName":[{"key":"sv","value":"Vår målsättning"}],"target":false,"url":"/artikel/om-oss/hallbarhet/svinnsmart/var-malsattning"}],"children":[],"title":"Vår målsättning"},{"uid":"WillysBecomeWasteSmartNode","entries":[],"links":[{"external":false,"linkName":[{"key":"sv","value":"Bli svinnsmart"}],"target":false,"url":"/artikel/om-oss/hallbarhet/svinnsmart/bli-svinnsmart"}],"children":[],"title":"Bli svinnsmart"},{"uid":"WillysWasteSmartCooperationNode","entries":[],"links":[{"external":false,"linkName":[{"key":"sv","value":"Svinnsmarta samarbeten"}],"target":false,"url":"/artikel/om-oss/hallbarhet/svinnsmart/svinnsmarta-samarbeten"}],"children":[],"title":"Svinnsmarta samarbeten"},{"uid":"WillysReduceWasteNode","entries":[],"links":[{"external":false,"linkName":[{"key":"sv","value":"Så minskar vi matsvinnet"}],"target":false,"url":"/artikel/om-oss/hallbarhet/svinnsmart/sa-minskar-vi-matsvinnet"}],"children":[],"title":"Så minskar vi matsvinnet"},{"uid":"WillysDenHarMatenSlangsMestNode","entries":[],"links":[{"external":false,"linkName":[{"key":"sv","value":"Den här maten slängs mest"}],"target":false,"url":"/artikel/om-oss/hallbarhet/svinnsmart/undersokning"}],"children":[],"title":"Den här maten slängs mest"},{"uid":"WillysFoodCommissionNode","entries":[],"links":[{"external":false,"linkName":[{"key":"sv","value":"Matmissionen"}],"target":false,"url":"/artikel/om-oss/hallbarhet/svinnsmart/matmissionen"}],"children":[],"title":"Matmissionen"},{"uid":"WillysVaraSvinnsmartaProdukterNode","entries":[],"links":[{"external":false,"linkName":[{"key":"sv","value":"Våra svinnsmarta produkter"}],"target":false,"url":"/artikel/om-oss/hallbarhet/svinnsmart/varor"}],"children":[],"title":"Våra svinnsmarta produkter"}],"title":"Svinnsmart"},{"uid":"WillysSaveTheChildrenNode","entries":[],"links":[{"external":false,"linkName":[{"key":"sv","value":"Rädda Barnen"}],"target":false,"url":"/artikel/om-oss/hallbarhet/samhallsengagemang"}],"children":[],"title":"Samhällsengagemang"}],"title":"Hållbarhet"},{"uid":"WillysNewsNode","entries":[],"links":[{"external":false,"linkName":[{"key":"sv","value":"Nyheter \u0026 press"}],"target":false,"url":"/artikel/om-oss/nyheter-och-press"}],"children":[],"title":"Nyheter \u0026 press"},{"uid":"WillysWillysPlusNode","entries":[],"links":[{"external":false,"linkName":[{"key":"sv","value":"Willys Plus"}],"target":false,"url":"/artikel/om-oss/willys-plus"}],"children":[{"uid":"WillysBetterDealNode","entries":[],"links":[{"external":false,"linkName":[{"key":"sv","value":"En ännu bättre affär"}],"target":false,"url":"/artikel/om-oss/willys-plus/en-annu-battre-affar"}],"children":[],"title":"En ännu bättre affär"},{"uid":"WillysWillysPlusPaFleraSprakNode","entries":[],"links":[{"external":false,"linkName":[{"key":"sv","value":"Willys plus på flera språk"}],"target":false,"url":"/artikel/om-oss/willys-plus/willys-plus-pa-flera-sprak"}],"children":[],"title":"Willys Plus på flera språk"},{"uid":"WillysUtanPersonnummer","entries":[],"links":[{"external":false,"linkName":[{"key":"sv","value":"Ansluta utan personnnummer"}],"target":false,"url":"/artikel/om-oss/willys-plus/utan-personnummer"}],"children":[],"title":"Ansluta utan personnummer"}],"title":"Willys Plus"},{"uid":"Willys Dataskydd Node","entries":[],"links":[{"external":false,"linkName":[{"key":"sv","value":"Dataskydd"}],"target":false,"url":"/artikel/villkor-dataskydd"}],"children":[{"uid":"Node Integritetspolicy","entries":[],"links":[{"external":false,"linkName":[{"key":"sv","value":"Integritetspolicy"}],"target":false,"url":"/artikel/integritetspolicy"}],"children":[],"title":"Integritetspolicy"}],"title":"Dataskydd"},{"uid":"CookieSettings","entries":[],"links":[],"children":[],"title":"Cookie-inställningar"}],"title":"Om oss"},{"uid":"WillysCustomerServiceNode","entries":[],"links":[{"external":false,"linkName":[{"key":"sv","value":"Kundservice"}],"target":false,"url":"/artikel/kundservice"}],"children":[{"uid":"WillysContactNode","entries":[],"links":[{"external":false,"linkName":[{"key":"sv","value":"Kontakta oss"}],"target":false,"url":"/artikel/kundservice/kontakta-oss"}],"children":[],"title":"Kontakta oss"},{"uid":"WillysFAQNode","entries":[],"links":[{"external":false,"linkName":[{"key":"sv","value":"Vanliga frågor \u0026 svar"}],"target":false,"url":"/artikel/kundservice/vanliga-fragor-och-svar"}],"children":[],"title":"Vanliga frågor \u0026 svar"},{"uid":"WillysEhandelNode","entries":[],"links":[{"external":false,"linkName":[{"key":"sv","value":"Vår e-handel"}],"target":false,"url":"/artikel/ehandla"}],"children":[],"title":"Vår e-handel"},{"uid":"WillysWarrantyNode","entries":[],"links":[{"external":false,"linkName":[{"key":"sv","value":"Våra garantier"}],"target":false,"url":"/artikel/kundservice/vara-garantier"}],"children":[],"title":"Våra garantier"},{"uid":"WillysECommerceTermsNode","entries":[],"links":[{"external":false,"linkName":[{"key":"sv","value":"Villkor e-handel"}],"target":false,"url":"/artikel/kundservice/villkor-e-handel"}],"children":[],"title":"Villkor e-handel"},{"uid":"WillysWillysPlusTerms2Node","entries":[],"links":[{"external":false,"linkName":[{"key":"sv","value":"Villkor Willys Plus"}],"target":false,"url":"/kundservice/villkor-for-willys-plus"}],"children":[],"title":"Villkor Willys Plus"},{"uid":"Willys E-handel företag","entries":[],"links":[{"external":false,"linkName":[{"key":"sv","value":"E-handel företag"}],"target":false,"url":"/artikel/foretag"}],"children":[{"uid":"Företagstider","entries":[],"links":[{"external":false,"linkName":[{"key":"sv","value":"Här kan du e-handla som företag"}],"target":false,"url":"/foretagstider"}],"children":[],"title":"Här kan du e-handla som företag"}],"title":"E-handel företag"}],"title":"Kundservice"},{"uid":"WillysWorkNode","entries":[],"links":[{"external":true,"linkName":[{"key":"sv","value":"Jobba hos oss"}],"target":true,"url":"https://www.willys.se/artikel/jobbahososs"}],"children":[{"uid":"WillysLedigaTjansterWorkNode","entries":[],"links":[{"external":true,"linkName":[{"key":"sv","value":"Lediga tjänster"}],"target":false,"url":"https://jobb.axfood.se/willys/go/Willys/3661901/?locale=sv_SE"}],"children":[],"title":"Lediga tjänster"},{"uid":"WillysUtvecklashosossWorkNode","entries":[],"links":[{"external":false,"linkName":[{"key":"sv","value":"Utvecklas hos oss"}],"target":false,"url":"/artikel/utvecklashososs"}],"children":[],"title":"Utvecklas hos oss"},{"uid":"WillysJobbapaWillysWorkNode","entries":[],"links":[{"external":false,"linkName":[{"key":"sv","value":"Jobba på Willys"}],"target":false,"url":"/artikel/jobbapawillys"}],"children":[],"title":"Jobba på Willys"},{"uid":"WillysVararollerWorkNode","entries":[],"links":[{"external":false,"linkName":[{"key":"sv","value":"Våra roller"}],"target":false,"url":"/artikel/vararoller"}],"children":[],"title":"Våra roller"},{"uid":"WillysFAQWorkNode","entries":[],"links":[{"external":false,"linkName":[{"key":"sv","value":"Frågor \u0026 svar om våra jobb"}],"target":false,"url":"/artikel/kundservice/vanliga-fragor-och-svar"}],"children":[],"title":"Frågor \u0026 svar om våra jobb"}],"title":"Jobba hos oss"}]},{"uid":"WillysFooterLinksRightNode","entries":[],"links":[],"children":[{"uid":"WillysFooterCampaignNode","entries":[],"links":[{"external":false,"linkName":[{"key":"sv","value":"Erbjudanden"}],"target":false,"url":"/erbjudanden"}],"children":[],"title":"Erbjudanden"},{"uid":"WillysFooterStoreFinderNode","entries":[],"links":[{"external":false,"linkName":[{"key":"sv","value":"Hitta butik"}],"target":false,"url":"/butik-sok"},{"external":false,"linkName":[{"key":"sv","value":"Hitta butik"}],"target":false,"url":"/butik-sok"}],"children":[],"title":"Hitta butik"},{"uid":"WillysFooterWillysPlusNode","entries":[],"links":[{"external":false,"linkName":[{"key":"sv","value":"Bli Willys Plus-kund"}],"target":false,"url":"/anvandare/identifiera"}],"children":[],"title":"Bli Willys Plus-kund"}],"title":"Willys Footer Right Navigation Node"}],"title":"Willys Footer Navigation Node"}}]}}}]},"breadcrumbs":[]}}},"productBannerItems":{},"uspsItems":{},"pageIsFetching":false,"cmsComponents":{},"promotionCampaigns":{},"promotionTab":"ehandel"},"modals":{"changeOrder":{"visible":false},"orderCloseTimePassed":{"visible":false},"emptyCart":{"visible":false}},"wishlist":{"reload":false}}},"page":"/sortiment/[...categories]","query":{"categories":["glass-godis-och-snacks"]},"buildId":"rIU9D6YefFlgHhB6TgbKg","isFallback":false,"dynamicIds":[21109,9645],"customServer":true,"gip":true,"appGip":true,"scriptLoader":[{"id":"imbox-script","dangerouslySetInnerHTML":{"__html":"\nvar _sid = '2460';\n(function() {\nvar se = document.createElement('script'); se.type = 'text/javascript'; se.async = true;\nse.src = ('https:' == document.location.protocol ? 'https://' : 'http://') + 'files.imbox.io/app/dist/initWidget.js';\nvar s = document.getElementsByTagName('script')[0]; s.parentNode.insertBefore(se, s);\n})();"},"strategy":"afterInteractive"}]}</script><noscript><iframe src="https://www.googletagmanager.com/ns.html?id=GTM-W2V9TZ" height="0" width="0" style="display:none;visibility:hidden"></iframe></noscript><script id="imbox-script" data-nscript="afterInteractive">
var _sid = '2460';
(function() {
var se = document.createElement('script'); se.type = 'text/javascript'; se.async = true;
se.src = ('https:' == document.location.protocol ? 'https://' : 'http://') + 'files.imbox.io/app/dist/initWidget.js';
var s = document.getElementsByTagName('script')[0]; s.parentNode.insertBefore(se, s);
})();</script><next-route-announcer></next-route-announcer></body></html>